2917 4600
478 236 822 296 BLIIUSINIA.
1138 229 1189 302 37

112 396 238 487 docet,
260 396 544 500 sexmet'tsibus
562 400 660 472 inter
677 400 858 493 mysteria
873 399 922 475 τὰ
940 400 1034 498 πρὸς
1045 402 1185 502 Ἄγραν

113 520 166 591 et‘
184 518 253 595 ilia
277 536 374 614 quae
399 519 542 612 majora
566 530 767 610 vocantur,
799 519 1010 613 intuieetis.
1061 518 1183 593 sehet

114 636 164 711 ati
187 636 380 733 ArIstoph
403 637 626 712 Rann.·745.
651 638 870 737 simpliciter
894 636 1033 739 μύησιν
1058 651 1098 712 et
1121 644 1185 716 ἐπ-

116 758 268 836 οπτείαν
293 758 381 829 anui
403 744 658 853 Interieetione
684 758 857 833 distinda
881 758 998 831 titisse
1013 758 1183 834 afflnnat

116 877 174 951 IIe
190 879 456 975 ¹quinquennio
488 899 598 953 nemo
622 879 806 976 loquitur,
833 900 962 976 neque
986 877 1027 951 id
1052 899 1186 955 couve-

116 999 171 1070 uit
194 1018 279 1070 eum
294 1017 426 1070 eorum
447 999 665 1088 morsibus,
691 1021 785 1096 quos
807 1011 894 1096 post
914 998 1065 1074 brevem
1086 1021 1185 1073 eom-

115 1118 363 1190 moratiouem
383 1114 550 1191 vAthenis
581 1121 748 1195 initiatos
780 1140 862 1193 esse
893 1120 1048 1209 seimus,
1082 1118 1187 1195 velut

118 1235 224 1310 Sulla
246 1235 342 1309 Plut.
369 1260 399 1308 r.
424 1235 560 1311 XXVI.
592 1236 780 1312 Antonius
801 1237 856 1311 Id.
882 1262 912 1311 e
937 1236 1075 1311 XXIII.
1100 1237 1186 1312 Piri-

118 1356 244 1454 lippus
265 1377 332 1428 rex
356 1354 438 1432 mv.
463 1356 604 1432 XXXI
628 1357 691 1432 47.
717 1359 853 1457 aliique
878 1358 996 1431 multi.
1045 1355 1185 1446 Cieero,

120 1478 184 1574 qni
213 1474 275 1547 de·
291 1474 492 1552 Eieusiuiis
524 1479 578 1550 ita
610 1478 790 1576 quuitur,
823 1489 866 1551 ut
888 1479 1079 1551 initiatum
1103 1497 1186 1550 esse

118 1605 317 1695 appareat,
352 1592 479 1679 semol¹
493 1616 559 1669 sex
583 1618 740 1678 rueuues¹
754 1598 911 1674 Athenis
937 1607 1186 1671 commoratus

116 1728 174 1790 est
197 1713 321 1817 (674.)
353 1724 391 1786 et
422 1716 549 1789 multis
582 1719 688 1791 annis
719 1729 807 1817 post
831 1718 950 1820 (702.)
976 1740 1089 1814 quum
1114 1738 1185 1816 pro

117 1835 269 1910 eomule
291 1836 333 1907 iu
360 1830 529 1945 Ciliciam
554 1838 862 1934 proticisoeretur‚
889 1835 1016 1910 decem
1042 1836 1121 1911 dies
1145 1839 1187 1910 in

115 1957 188 2031 hae
214 1954 310 2028 urhe
333 1953 423 2043 tuit,
462 1956 577 2051 paulo
602 1956 741 2032 diutius
765 1960 806 2031 iu
829 1956 953 2031 reditu
977 1957 1080 2055 apud
1103 1956 1187 2031 Ari-

118 2088 263 2150 stonem
289 2073 507 2151 diversatus.
520 2130 526 2139 .
540 2074 765 2153 Octavianus
790 2088 960 2175 tempore
983 2077 1062 2166 illo,
1087 2074 1189 2171 quod
1289 2131 1292 2138 .

117 2207 208 2294 post
244 2194 433 2270 Actiacam
472 2196 669 2270 victoriam
711 2194 978 2271 constituendis
1010 2195 1206 2267 Graeciae

119 2317 230 2390 rehtu
255 2312 458 2413 impendit,
491 2338 596 2390 saeta
621 2315 766 2390 Cereris
792 2316 956 2413 suscepit
979 2314 1108 2412 (wo).
1133 2313 1186 2386 ef.
1340 2333 1343 2343 ’

121 2435 254 2514 Inoohs
278 2434 329 2508 ad
357 2431 542 2530 Crinagor.
567 2437 637 2533 Ep.
663 2434 786 2512 XXX.
810 2434 898 2509 404.
930 2433 972 2507 T.
997 2433 1094 2507 VIII.
1119 2456 1188 2506 nee

123 2555 311 2629 nutehuo
341 2576 512 2631 reversus
538 2567 594 2628 est
619 2577 728 2653 quam
754 2558 900 2630 firmato
926 2556 1003 2650 jam
1027 2555 1186 2653 imperio

121 2678 164 2750 in
190 2674 408 2749 Orientem.
429 2674 614 2766 tenderet,
651 2674 753 2748 unde
785 2674 959 2748 reducem
990 2674 1187 2747 Zarmarus

121 2793 246 2870 Indus.
258 2805 436 2892 sequutus
459 2807 518 2869 est
540 2793 725 2869 secundae
742 2795 937 2891 legationis
958 2816 981 2866 a
999 2792 1189 2866 Pandione

121 2929 160 2991 et
183 2916 282 2990 Poro
306 2919 441 2991 minae
464 2912 657 3015 princeps.
672 2937 782 3012 quem
800 2915 1044 2988 Athenienses
1062 2936 1191 3010 quam·

122 3039 181 3112 vit
214 3036 338 3109 aliare
371 3047 542 3133 tempere
564 3037 904 3109 saeris'initiarunt.
929 3033 1007 3108 Dio
1031 3032 1126 3106 LIV.
1152 3031 1188 3105 9.

121 3157 374 3252 Similiterque
397 3155 637 3255 Apollonius,
653 3209 657 3216 ⁴
674 3177 787 3253 quum
821 3168 1014 3253 peragrato
1039 3151 1191 3225 Oriente

123 3277 191 3352 suh
216 3278 343 3374 ipsum
368 3287 607 3349 auetumnum
633 3277 721 3348 anni
745 3287 833 3375 post
857 3272 942 3348 Chr.
961 3297 996 3346 n.
1014 3272 1191 3371 quinque-

123 3395 256 3493 gesimi
280 3397 393 3495 primi
411 3395 575 3470 Athenas
589 3396 754 3471 venisset
766 3417 841 3470 non
856 3406 966 3468 antea
979 3394 1092 3481 vdes,
1116 3401 1191 3463 sta-

127 3518 196 3590 tim
233 3515 282 3589 ah
314 3515 557 3616 hierophanta
580 3517 691 3615 petiit
714 3527 758 3589 ut
781 3514 852 3588 sibi
878 3514 990 3586 saeris
1013 3511 1192 3582 interesse

128 3636 254 3710 lieeret
284 3633 350 3709 sed
382 3636 538 3730 rejectus
571 3648 628 3709 est
658 3647 812 3734 propter
843 3633 989 3729 magiae
1013 3625 1192 3724 suspicio·

128 3780 234 3848 nem,
276 3758 494 3830 circumacto
528 3766 652 3830 autem
685 3778 782 3830 anno
816 3764 946 3852 quarto
979 3749 1061 3824 voti
1094 3763 1195 3816 eom·

129 3899 198 3976 pos
228 3875 357 3950 faetus·
380 3875 550 3950 Philostr.
582 3876 644 3951 IV.
680 3877 737 3951 18.
787 3873 923 3950 Iisdem
954 3861 1194 3966 'religIonibus

129 4019 209 4074 sese
228 3995 509 4072 obstrinxemnt
527 3996 712 4072 Adrianus
733 4019 847 4097 quum
865 3990 1019 4071 Athenis
1036 3986 1197 4062 hiemem
