2917 4600
262 192 289 269 o
617 205 761 259 mosa
787 203 972 259 sarnus.
1100 238 1101 241 a

262 360 439 441 devenire
469 366 677 463 possimus,
709 375 791 437 tota
807 338 933 440 ¹causa
965 362 1013 436 de
1046 365 1189 461 integro
1214 383 1335 459 expo-

261 482 385 559 nenda
410 482 569 559 videos

750 736 785 835 a.
812 736 845 810 ι.

365 944 512 1034 Quanta
544 946 594 1018 sit
625 945 757 1018 secreti
789 944 963 1018 illecebra
987 956 1026 1017 et
1051 966 1162 1042 quam
1189 943 1334 1046 curime

262 1065 310 1138 ab
336 1064 507 1139 omuibus
532 1076 766 1161 quaerantur,
790 1087 886 1160 quae
911 1064 958 1137 (le
982 1063 1166 1141 industria
1191 1061 1237 1134 ab
1264 1062 1333 1137 ali·

262 1183 395 1281 qrtibus
422 1184 660 1288 occultamur,
691 1185 754 1261 vel
781 1185 841 1257 hic
865 1185 968 1259 locus
995 1181 1159 1257 ostendit
1178 1195 1217 1255 et
1235 1182 1334 1255 mul·

261 1302 382 1381 titudo
408 1325 556 1394 eorum,
574 1306 645 1403 ⁸qui
671 1327 906 1378 sacrarum
932 1303 1203 1401 penetralis
1227 1324 1334 1401 pan·

261 1422 376 1497 dere
405 1445 558 1498 rerum
593 1426 715 1501 eonati
748 1435 847 1509 sunt„
910 1422 1045 1497 Tribus
1070 1421 1205 1496 abhinc
1224 1444 1334 1499 ,secu-

260 1543 306 1617 lis
347 1544 505 1618 Michael
546 1544 727 1635 Maierus,
769 1544 1060 1643 Spagiricorum.
1082 1542 1333 1632 doctissimus,

260 1663 487 1739 solemnibus
518 1665 738 1753 Eleusiniis,
779 1663 1042 1737 Samotlrraciis
1075 1675 1112 1737 et
1145 1661 1333 1763 Olympiis

260 1784 351 1856 artis
385 1772 626 1868 ‚Hemeseo
665 1795 865 1883 praecepta
904 1782 1045 1855 occulte
1084 1781 1223 1857 tradita
1252 1805 1333 1859 esse

260 1903 390 1977 statuit
398 1900 457 2003 [¹²].
485 1903 725 1979 Warburtoni
750 1927 854 1994 vero,
880 1904 1060 2001 Episcopi
1086 1902 1333 1979 Glocestrien·

260 2024 331 2115 sis,
362 2026 544 2100 sententia
568 2026 659 2116 fuit,
694 2024 1035 2124 Hierophantamm
1060 2024 1268 2099 orationem
1291 2025 1333 2098 in

260 2165 306 2216 eo
332 2156 520 2223 versatam
548 2168 640 2236 esse,
666 2158 709 2219 ut
735 2143 838 2235 deos,
863 2166 956 2242 quos
981 2144 1116 2239 vulgum
1137 2166 1333 2220 venerare·

260 2275 340 2354 tur,
362 2264 544 2358 'homines
569 2264 684 2341 fiisse
711 2264 1021 2354 demonstrarent,
1045 2265 1284 2363 initiatosque
1310 2288 1334 2340 a

200 2383 204 2396 '
259 2383 434 2481 populari
465 2389 731 2481 superstitione
766 2385 815 2460 ad
846 2387 986 2459 summi
1010 2387 1172 2460 numnis
1196 2385 1334 2458 intelli·

258 2505 420 2598 gentiam
446 2515 485 2574 et
507 2503 724 2598 religionem
750 2503 1002 2597 traducerent3
1031 2529 1151 2610 neque
1176 2528 1266 2579 vero
1291 2504 1333 2580 id

261 2621 404 2712 solum,
441 2618 509 2694 sed
541 2624 655 2698 etiam
689 2622 737 2696 de
771 2620 899 2698 officiis
932 2637 970 2699 et
994 2622 1042 2697 de
1067 2623 1235 2698 moribus
1258 2625 1333 2700 dis·

260 2743 421 2818 semisse
446 2753 485 2815 et
511 2764 605 2839 quae
630 2742 836 2842 posthanc
860 2745 978 2820 vitam
1004 2747 1136 2819 virtuti
1158 2745 1234 2819 siat
1248 2767 1332 2819 con·
1378 2760 1380 2764 ·

262 2864 393 2936 stituta
407 2864 576 2959 praemia
584 2863 641 2965 [⁰].
658 2864 791 2938 Paullo
806 2863 1064 2938 vehementius
1075 2862 1221 2938 inflavit
1233 2864 1332 2939 Ples-

262 2984 401 3079 singius
432 2994 596 3074 nostras,
630 2988 694 3084 qui
727 2986 855 3058 omnia
886 3006 980 3081 quae
1005 2983 1234 3079 Pythagoras
1266 2983 1333 3060 do·

265 3105 342 3176 cuit
365 3126 531 3202 quaeque
554 3105 661 3179 l'leto
689 3116 889 3200 auguratus
915 3117 972 3179 est
996 3103 1044 3178 de
1069 3103 1162 3195 deo,
1188 3103 1236 3178 de
1256 3128 1334 3179 ma-

265 3225 376 3324 teria,
409 3223 456 3299 de
486 3221 601 3314 ideis,
635 3222 681 3295 tle
713 3227 922 3299 animorum
954 3236 1038 3299 ortu
1070 3223 1200 3300 divino
1233 3239 1272 3300 ot
1294 3229 1335 3300 iu

265 3365 422 3443 corpora
452 3347 640 3424 terrestria
666 3347 842 3437 transitu,
872 3345 1002 3420 multis
1026 3346 1159 3421 seculis
1184 3359 1271 3420 ante
1294 3350 1333 3419 iu

264 3465 450 3559 mysteriis
484 3467 653 3563 exposita
686 3490 767 3542 esse
792 3464 969 3558 affirmat,
993 3470 1163 3566 proxime
1188 3465 1238 3540 ad
1262 3466 1334 3542 Ae·

267 3735 289 3788 L
316 3665 645 3810 u[(5]1›SptprsbopqAureae
671 3669 781 3723 Mensae
804 3669 837 3723 L.
861 3671 911 3724 ΙΙΙ.
936 3689 962 3742 p.
987 3669 1047 3725 106.
1069 3677 1099 3725 el
1119 3670 1147 3725 in
1163 3669 1332 3742 Hieroglypb.

339 3844 378 3911 [⁸]
396 3842 439 3896 De
462 3841 542 3898 divin.
565 3843 645 3929 leget.
670 3843 754 3898 Masis
777 3844 808 3898 L.
832 3846 868 3897 Π.
885 3845 958 3899 Soet.
976 3847 1022 3899 IV.
1040 3857 1066 3916 p:
1083 3846 1143 3900 210.
1160 3845 1332 3929 vernilem.

267 3913 487 3967 wstburtomaoo
511 3915 619 3973 obsomo
643 3915 793 3970 aaronem
817 3915 891 3970 addit
906 3916 1045 3971 starckius
1060 3917 1089 3971 iu
1105 3917 1173 3970 libre
1188 3915 1332 3984 malbo—

267 3982 318 4035 lico
333 3981 576 4054 Hephaestion
594 4004 619 4058 p.
637 3984 680 4039 39.
697 3985 793 4057 dogma
809 3986 843 4041 ‹le
858 3989 1048 4044 resurrectione
1059 3999 1089 4044 et
1097 3987 1196 4059 judicie
1209 4001 1330 4057 supteno.
