2917 4600
457 184 834 274 'nnsusrnrs
1128 205 1203 280 203

589 376 623 476 ξ.
675 379 737 454 27.

230 495 333 570 Haec
353 497 503 595 quidem
527 511 615 574 sunt
634 522 730 598 quae
753 497 800 574 de
820 496 1022 572 Eleusiniis
1045 495 1207 575 dicenda

125 615 242 690 habui
267 663 319 674 —
345 619 457 698 ἀντία
482 623 686 722 προτέρων.
738 618 816 695 Nee
834 629 929 717 puto
951 618 1070 693 ullum
1095 642 1121 694 a
1144 640 1209 715 me

126 740 402 828 testimenium,
419 762 501 838 ‘quo
528 742 694 836 vulgaris
708 742 838 841 opinio
861 742 1073 813 confirmari
1094 761 1208 838 pesse

127 856 319 949 videatur,
345 860 411 934 au't
435 864 742 958 praetermissus
766 874 934 936 autnon
960 861 1210 958 explanatum

129 1002 220 1052 esse.
273 980 349 1053 Sed
375 984 502 1057 emnia
527 985 720 1081 persequi,
756 1005 852 1079 quae
877 1004 1040 1080 unquam
1067 981 1115 1071 ab
1139 982 1208 1056 hc-

128 1099 292 1174 minibus
318 1104 451 1177 otiosis
477 1106 644 1201 conjectu
678 1116 716 1177 et
749 1103 893 1177 effutita
924 1113 1032 1193 sunt,
1069 1125 1208 1199 nequa-

130 1234 241 1319 quam
267 1212 516 1299 necessarium
549 1224 659 1314 duxi,
697 1245 829 1321 neque·
850 1208 954 1323 apud
984 1224 1071 1297 illos
1103 1225 1210 1321 ipses

129 1342 264 1417 herum
290 1355 586 1435 commentorum
612 1359 782 1419 auctores
808 1347 966 1440 gratiam
990 1346 1137 1435 inirem,
1162 1347 1209 1433 si,

130 1485 226 1560 quae
251 1463 299 1538 ab
324 1466 508 1565 imperitis
535 1458 882 1554 crediveluerunt,
917 1462 1125 1563 peritorum
1147 1467 1209 1561 ju-

64 1664 69 1675 ,
131 1582 231 1656 dieis
256 1589 537 1662 commisissem.
590 1586 702 1677 Quod
727 1588 760 1660 si
786 1586 869 1684 quis
893 1587 1133 1660 inhumanius
1152 1584 1210 1661 di-

132 1714 232 1779 ctum
257 1716 384 1804 putet,
424 1711 458 1782 is
490 1720 557 1783 eut
589 1706 746 1783 eandem
779 1706 854 1780 sibi
878 1708 919 1780 in
944 1705 1140 1781 scribendo
1164 1707 1213 1801 li.

132 1827 291 1901 centiam
318 1826 400 1902 dari
426 1831 547 1927 cupit,
582 1842 648 1904 sut
671 1827 854 1901 librorum
888 1850 1080 1903 censuram
1106 1829 1211 1901 simi-
1349 1922 1353 1937 .

132 1944 206 2018 lem
234 1969 315 2022 esse
339 1951 529 2023 existimet
555 1951 669 2048 epulo
694 1947 861 2038 funebri,
885 1949 926 2020 in
941 1971 1015 2046 que
1041 1949 1104 2025 vel
1126 1970 1211 2047 pes-

133 2048 219 2139 simi
244 2067 462 2161 laudantur,
503 2081 571 2144 sut
604 2071 760 2143 omnine
793 2068 889 2142 nihil
918 2071 1079 2143 istorum
1110 2070 1211 2163 legit

133 2187 205 2260 His
231 2190 344 2283 igitur
369 2204 412 2266 ut
437 2190 650 2280 estendam,
690 2211 766 2287 que
793 2188 1027 2286 quorundam
1063 2189 1212 2261 licentia
1280 2250 1282 2259 .

132 2310 334 2406 precedat,
375 2316 564 2412 specimen
603 2331 815 2411 proponam
854 2331 907 2381 ex
944 2308 1061 2397 libre,
1100 2330 1212 2405 quem

39 2425 42 2428 ’
134 2431 229 2503 Phil.
259 2433 457 2537 Moritzius
490 2432 609 2506 edidit
640 2432 713 2505 hee
745 2429 883 2528 elegis:
923 2429 998 2502 Die
1031 2428 1211 2522 symboli-

136 2552 224 2624 sche
249 2552 431 2628 Weisheit
461 2554 529 2627 der
552 2555 745 2651 Aegypter
777 2572 845 2623 aus
879 2548 953 2623 den
988 2529 1211 2645 verborgen·

137 2686 219 2746 sten
244 2674 526 2749 Derrkmiilrlern
559 2676 625 2748 des
650 2659 882 2748 Alterthums
908 2671 1005 2744 Berl.
1036 2671 1144 2745 1793.
1171 2672 1213 2744 in

136 2816 209 2890 quo
236 2794 507 2895 Aegyptiorum
533 2798 797 2891 mysteriorum
822 2792 948 2866 ferma
981 2793 1212 2866 exactissime

138 2928 313 3013 tanquam
350 2941 372 2989 e
410 2918 686 2991 commentariis
725 2916 943 3014 pontificum
975 2911 1213 2986 describitur:

138 3032 280 3123 „Jeder
309 3036 631 3136 Einpuweihende
671 3049 814 3110 musste
851 3046 928 3108 erst
966 3056 1045 3109 ven
1088 3035 1212 3107 cirtem
1279 3048 1293 3068 .>
1327 3063 1329 3068 ⁴

139 3156 453 3252 „Eingeweihten
468 3157 669 3233 besenders
690 3156 905 3255 emplehlen
920 3153 1086 3229 werden.
1139 3155 1213 3227 Ge·

140 3280 336 3364 „wdnlich
357 3281 513 3375 geschah
534 3279 656 3352 dieses
680 3300 770 3353 vern
792 3276 937 3370 Kdnige
958 3275 1076 3349 selbst
1097 3273 1214 3350 durch
1304 3362 1312 3370 ¹

139 3399 231 3486 „ein
258 3398 459 3496 Schreiben
484 3421 532 3473 an
557 3398 621 3473 die
645 3400 823 3488 Priester,
857 3396 919 3469 dis
944 3396 1009 3469 ilm
1033 3419 1110 3470 von
1136 3395 1212 3469 He-

141 3517 319 3617 „liepulis
344 3523 438 3597 nach
458 3522 646 3619 Memphis
671 3509 750 3594 und
776 3540 852 3593 ven
879 3516 928 3591 da
952 3518 1046 3591 nach
1061 3516 1214 3590 Theben

141 3641 313 3727 „mesen
339 3688 391 3699 -
423 3643 511 3717 Nun
535 3651 677 3715 musste
713 3663 753 3712 er
777 3640 946 3716 mehrere
970 3638 1149 3712 Menathe
1173 3636 1214 3708 in

141 3761 272 3847 „einer
296 3762 588 3835 unterirdischen
613 3760 738 3835 Hdhle
763 3758 963 3855 zahringen
999 3756 1077 3830 und
1110 3757 1212 3828 scine

142 3879 380 3967 „Gedanken
406 3883 660 3958 aufschrciben
685 3928 736 3938 —
772 3880 870 3952 Vun‘
889 3879 950 3954 da,
967 3870 1090 3950 fdhrte
1124 3896 1213 3947 men

143 4001 237 4086 „ilm
262 4005 302 4074 in
329 4000 401 4075 den
417 4004 647 4100 Sdulengeng
665 4002 732 4075 cles
746 3986 905 4075 Hermes
930 4042 981 4055 -
1008 3997 1108 4070 dantr
1123 3996 1212 4069 kam
