2917 4600
239 203 315 278 348
412 177 416 182 ⁶
558 218 986 304 creansucuuoos.
1063 191 1070 192 ⁷

239 380 402 450 olescere
434 376 619 471 coepisse,
655 395 770 470 quum
802 373 961 448 duorum
992 373 1312 448 nobilissimorum

238 509 434 599 poetarum
466 495 585 568 veluti
616 494 767 593 publico
801 496 1016 570 testimonio
1049 505 1173 567 essent
1204 515 1312 566 orna-

239 632 309 692 tae.
360 613 443 689 Hos
468 615 599 709 igitur,
626 616 691 711 qui
715 615 903 712 quandam
928 616 984 687 rei
1010 615 1191 688 fabularis
1204 614 1312 712 quasi

240 737 474 834 disciplinam
508 733 771 824 condiderunt,
810 734 860 809 ad
890 756 984 834 quos
1019 734 1210 823 omnihus,
1249 737 1313 832 qui

233 858 286 962 'dc
319 856 473 930 deorum
513 857 689 952 progenie
730 867 769 928 et
801 859 904 931 vitae
936 856 1082 927 actione
1117 866 1312 952 quaerunt,

114 976 116 981 ’
239 996 413 1076 tanquam
440 973 490 1047 ad
514 976 656 1070 primos
682 974 805 1047 fontes
829 974 1093 1048 recurrendum
1126 988 1201 1065 est,
1236 972 1312 1047 Ηο-

238 1099 396 1174 rodotus
430 1095 563 1169 merito
591 1094 826 1189 Theogoniae
860 1093 1106 1168 Graecanicae
1144 1109 1312 1169 auctores

240 1217 468 1317 appellavit
508 1215 641 1290 Fuisse
671 1227 759 1290 ante
790 1215 1000 1292 Homerum
1032 1229 1163 1314 poetas
1194 1238 1313 1313 neque

239 1342 310 1413 hoc
335 1340 419 1412 loco
445 1345 556 1430 negat
586 1347 625 1409 et
657 1336 785 1432 paullo
818 1348 905 1409 arcte
930 1338 976 1410 Π.
1002 1336 1063 1410 23.
1096 1336 1312 1434 planissime

240 1457 417 1547 affirmat,
440 1479 556 1555 quum
573 1454 709 1529 Oceani
736 1478 874 1529 nomen
900 1456 948 1530 ab
962 1455 1130 1530 Homero
1156 1469 1221 1529 aut
1246 1457 1313 1531 aii-

240 1600 315 1676 quo
340 1579 550 1673 antiquiore
574 1571 689 1673 poeta
711 1575 965 1650 introductum
982 1598 1079 1650 esso
1113 1575 1312 1650 contendit

166 1691 170 1710 ²
242 1697 317 1772 Sed
343 1709 469 1769 extare
494 1694 694 1793 quidquam
722 1697 763 1768 in
787 1696 906 1770 literis
931 1698 1137 1793 antiquius,
1162 1696 1204 1773 id
1222 1716 1311 1769 vero

242 1822 355 1892 etiam
387 1828 498 1913 atque
531 1817 644 1887 etiam
674 1828 804 1909 negat,
845 1838 962 1914 eoque
995 1838 1070 1889 uno
1104 1816 1220 1891 verbo
1245 1815 1312 1890 Or·

241 1939 347 2036 piei,
373 1935 518 2008 Musaei
544 1946 582 2008 et
605 1935 832 2034 reliquorum
847 1949 998 2028 vaunn,
1021 1958 1118 2034 quae
1136 1950 1218 2010 tum
1244 1940 1314 2011 οό-

242 2055 538 2140 cumicrebautur
581 2058 763 2145 carmina,
814 2063 1072 2156 praescriptis-
1099 2048 1314 2132 auctoribus

244 2179 358 2277 eripit
379 2187 491 2273 atque
515 2175 654 2266 aufert3
679 2176 780 2274 quod
805 2178 887 2273 ejus
909 2178 1091 2274 judicium
1113 2178 1315 2278 eomajore

243 2301 378 2398 ptemu
411 2308 451 2370 et
481 2294 756 2393 praedicatione
791 2297 1088 2398 prosequendum
1127 2310 1202 2388 est,
1240 2317 1313 2394 quo

243 2419 385 2492 diutius
416 2418 537 2488 tenuit
568 2417 732 2511 volgaris
765 2440 886 2507 error,
923 2420 988 2516 qui
1020 2442 1069 2492 nc
1101 2416 1315 2493 Aristotelis

244 2535 393 2636 quidem
429 2537 648 2609 auctoritate
681 2539 845 2635 opprimi
876 2541 1030 2636 potuit·
1061 2536 1187 2635 Hujus
1213 2539 1315 2611 enim

245 2658 293 2731 de
320 2655 471 2754 Orpheo
497 2676 573 2727 nou
597 2655 700 2729 aliud
724 2656 841 2731 fuisse
866 2680 978 2755 quam
1003 2658 1189 2734 Herodoti
1209 2658 1314 2756 judi-

244 2779 343 2851 cium
367 2786 543 2850 testatum
569 2787 626 2848 est
650 2779 846 2853 notissimo
874 2776 1061 2854 Ciceronis
1087 2783 1170 2854 loco
1197 2779 1244 2853 de
1267 2776 1312 2852 N.

243 2898 292 2972 D.
313 2900 342 2970 1.
358 2897 419 2970 38.
446 2894 683 2996 Orpheum
708 2902 896 2994 poetam
922 2900 1058 2975 docet
1082 2900 1311 2976 Aristote-

244 3019 313 3093 lc's
338 3038 570 3114 nunquam
595 3019 743 3091 tuisse
769 3030 814 3091 et
837 3021 923 3094 hoc
948 3014 1196 3121 Orphicum
1222 3039 1315 3093 car-

134 3194 138 3209 .
244 3160 347 3211 men
377 3136 662 3233 Pythagorei
694 3136 855 3213 ierunt
887 3129 1316 3237 cujusdam'fnisse
1376 3156 1380 3163 ·

196 3256 198 3261 ’
247 3255 487 3354 Cecropis,
520 3257 586 3332 ubi
610 3257 704 3331 nulli
728 3258 973 3359 interpretum
998 3264 1040 3334 in
1063 3272 1227 3335 montem
1250 3281 1316 3335 ve·

245 3379 303 3451 uit
334 3377 532 3475 Philoponi
564 3377 759 3451 adnotatio
791 3380 842 3453 ad
873 3381 990 3457 verba
1023 3381 1236 3456 Aristotelis
1268 3377 1317 3457 do
1414 3366 1415 3369 ¹

245 3496 317 3572 Aa.
342 3499 371 3569 1.
397 3493 432 3570 52
457 3506 568 3574 τοῦτο
594 3500 785 3578 πέπονθεν
810 3503 831 3579 ὅ
857 3506 899 3580 ἐν
923 3508 1002 3587 τοῖς
1023 3502 1223 3604 Ὀρφικοῖς
1247 3529 1316 3599 φα-

248 3620 438 3719 λουμίνοις
465 3621 563 3694 ἔπεσι
577 3615 706 3721 λόγος,
733 3621 867 3718 quihus
893 3623 984 3695 haec
1008 3620 1222 3720 adscripsit:
1247 3650 1317 3696 κα-

248 3740 438 3837 λουμένοις
462 3738 582 3826 εἶπεν,
609 3739 732 3837 ἐπειδὴ
757 3743 809 3842 μὴ
834 3742 939 3821 δοκεῖ
958 3744 1129 3844 Ὀρφέως
1154 3741 1317 3821 εἶναιτὰ

249 3857 336 3953 ἔπη,
373 3857 424 3943 ὥς
449 3859 513 3934 καὶ
538 3858 652 3944 αὐτὸς
677 3863 718 3939 ἐν
742 3870 820 3948 τοῖς
849 3862 933 3963 περὶ
957 3862 1180 3965 φιλοσοφίας
1207 3863 1316 3964 λέγει·

250 3977 367 4055 αὐτοῦ
392 3976 463 4074 μὲν
487 3975 562 4081 γάρ
589 3985 661 4097 οἶοι
684 3982 734 4059 τὰ
758 3980 949 4087 δόγματα·
986 3993 1108 4063 ταῦτα
1132 3983 1178 4060 δέ
1200 4005 1318 4084 φησιν
