2917 4600
510 217 856 275 unuustuln
916 216 920 223 '
1146 202 1221 280 187

148 385 218 459 bus
242 383 409 480 sequitur
435 389 685 452 commentum
702 376 750 451 de
776 388 993 472 mystagogo
1018 377 1220 456 initiandos

148 505 198 579 ad
218 500 481 601 jusjurandum
507 499 677 595 adigente
690 496 748 598 [¹],
772 501 813 572 in
838 519 910 596 qun
937 498 1054 572 utitur
1066 499 1220 577 Firmiei

148 627 384 701 auctoritate:
410 618 552 709 Quum
580 619 794 719 Orpheus
820 618 1000 713 ignotis
1025 618 1220 696 homini-

147 748 234 840 bus
259 740 792 820 sacrorumcerimonias
820 740 1049 836 aperiret,
1075 741 1129 815 ab
1146 745 1220 835 iis,

149 888 264 967 quos
296 860 703 957 initiabat,.juris
731 855 927 954 jurandi
958 865 1219 938 necessita-

149 1002 241 1061 tem
269 984 444 1079 exegit,
479 1004 533 1054 ne
557 980 777 1080 profanis
803 977 997 1053 auribus
1023 1025 1075 1037 -
1105 984 1220 1058 reli.

150 1108 304 1206 gionis
341 1112 525 1177 secreta
562 1098 879 1199 proderentur
911 1097 953 1170 L.
979 1098 1059 1177 vu.
1098 1103 1219 1179 Praei

150 1254 187 1330 p.
212 1226 300 1301 493.
350 1224 496 1317 Mystes
513 1220 724 1295 Eleusinios
746 1222 831 1317 Jure
850 1218 1013 1314 jurando
1027 1220 1221 1300 devinctos

151 1371 231 1423 esse
258 1366 372 1443 quum
396 1343 521 1417 nullus
536 1354 704 1416 veterum
720 1338 946 1437 prodiderit,
970 1341 1149 1438 Firmino,
1173 1371 1223 1421 ne

149 1472 183 1543 si
209 1466 346 1539 diceret
366 1464 535 1562 quidem,
561 1460 803 1536 crederemus.
854 1460 931 1535 Sed
951 1484 1044 1562 quae
1069 1465 1222 1541 tandem

149 1590 245 1663 ratio
270 1598 328 1660 est
352 1584 402 1658 ad
427 1586 639 1659 Eleusinios
664 1582 863 1655 traruferre
887 1605 983 1681 quae
1007 1584 1055 1658 de
1071 1587 1221 1686 Orpheo

151 1710 251 1783 dicte
276 1716 381 1795 sunt,
407 1717 463 1795 ct,
489 1724 605 1801 quum
624 1703 808 1777 Firmictu
832 1703 975 1805 nullum
1001 1726 1114 1800 genus
1138 1732 1223 1804 my.

150 1831 346 1904 storiarum
360 1825 581 1901 nominatim
595 1822 857 1919 designaverit,
874 1814 1221 1905 veemtone'uteu-

149 1951 245 2025 sinia
262 1946 507 2036 substituere,
534 1967 627 2042 quae
644 1945 709 2018 ille
728 1944 932 2020 multorum
954 1952 1219 2042 mysteriorum

151 2069 320 2145 conditor
344 2088 420 2140 non
445 2064 633 2152 condidit,
666 2067 699 2139 si
724 2077 894 2141 veterum
918 2067 1069 2165 quidem
1096 2084 1221 2146 aucto-

150 2195 259 2266 ritate
284 2202 428 2264 stamus
453 2198 493 2261 et
506 2186 609 2263 fama
631 2187 817 2261 communi
826 2184 883 2285 [q.
935 2185 1046 2274 Quod
1060 2194 1221 2288 septimo

151 2316 232 2387 loco
259 2313 429 2400 affertur,
465 2330 582 2386 unum,
603 2330 636 2386 e
666 2308 847 2384 orinistris
879 2327 1018 2382 nomen
1049 2310 1223 2387 habuisse

151 2434 357 2527 mystagogi
364 2431 426 2530 [α]
454 2442 492 2502 et
504 2429 603 2501 hunc
617 2438 761 2520 mystas
780 2424 1019 2502 admonuisse
1038 2443 1081 2504 nt
1094 2456 1222 2528 graece

153 2554 387 2651 loquerentur
407 2573 504 2629 neve
516 2549 705 2622 hominem
722 2546 948 2638 occiderent,
975 2551 1095 2626 etheo
1107 2553 1224 2629 fuisse

152 2675 193 2747 in
225 2672 439 2748 minusculis
470 2670 659 2765 mysteriis
690 2669 972 2767 pronuntiatem
1003 2674 1223 2772 etquidem

152 2797 194 2868 in
218 2795 291 2866 fine
317 2793 513 2881 teredonis,
546 2813 591 2863 ea
615 2791 743 2866 omnia
768 2789 987 2866 Sanerucius
1012 2794 1116 2892 apud
1140 2799 1223 2871 nul-

153 2914 231 2989 lum
266 2923 437 2989 veterum
469 2910 558 3007 legit
588 2908 656 2983 sed
687 2932 758 3009 pro
800 2931 842 2983 se
873 2912 956 3010 ipse
991 2930 1224 2993 commentor

153 3046 221 3108 est.
271 3033 323 3106 Et
352 3043 395 3105 ut
419 3042 589 3106 exuema
611 3031 729 3103 initiis
754 3029 1041 3129 responderent,
1075 3035 1224 3114 Libanii

154 3156 295 3243 locann,
321 3173 431 3251 quem
455 3147 626 3249 proximo
652 3150 737 3223 loco
763 3151 1036 3245 enarrabimus,
1062 3159 1115 3231 sic
1140 3184 1225 3259 per.

153 3276 287 3363 vertit,
313 3282 357 3347 ut
380 3294 499 3370 neque
524 3294 591 3371 pes
614 3293 734 3369 neque
758 3272 849 3347 vela
874 3289 1095 3372 compareat

226 3474 263 3548 [f]
290 3477 457 3530 Sanetucinm
473 3441 595 3546 ⁸sequens
610 3475 780 3545 Boettigerus
804 3476 1141 3551 Kunstmythologie
1165 3484 1225 3536 des

155 3548 247 3602 Zeus
266 3565 293 3618 p.
310 3543 354 3599 44.
375 3548 560 3615 „Olmstreitig
583 3546 690 3600 worden
711 3546 754 3599 die
777 3547 805 3600 in
827 3546 870 3600 die
887 3549 1082 3604 Eleusinischen
1101 3553 1224 3606 Geheim·

154 3617 500 3742 ffithzuweihenden
531 3617 612 3669 durch
639 3616 683 3670 die
711 3616 939 3673 l'drcliterliclrsten
969 3621 1038 3675 Eide
1059 3623 1225 3691 gebuuden.“

227 3789 633 3863 metuerent

196 3967 204 3982 ·
227 3896 285 3983 [η]
304 3897 434 3950 pugna,
450 3895 484 3949 ad
498 3896 567 3949 Plus
580 3896 663 3951 Aloib.
676 3916 707 3984 ρ..
716 3895 779 3952 2⁴8.
792 3898 983 3989 Muotnyuyds
992 3899 1114 3983 „enfin
1126 3900 1224 3954 Eleu-

157 3985 281 4034 „nnus
298 3985 441 4022 suunt
458 3966 633 4032 sacerdos,
650 3985 708 4038 an
726 3969 922 4039 plerumque
941 3976 1165 4042 Ιεροφανιου
1182 3973 1225 4025 vel

159 4035 373 4110 ‚monitae
399 4038 531 4093 nomine
548 4040 774 4107 consignatur
792 4042 879 4094 bene
906 4046 1060 4095 monente
1078 4042 1225 4096 Creusa-
