2917 4600
519 229 796 299 cucuron
927 294 931 302 ,
1116 227 1194 304 too

117 430 246 498 cosa,
273 406 355 478 che
379 400 621 477 Clemente
646 386 987 476 Alassandrino
1019 401 1094 476 nel
1120 401 1192 476 d'e·

116 530 328 614 scrivere
361 518 535 595 oiochd'
566 521 607 593 si
630 527 869 596 ›contenea'
902 522 1029 594 nelle
1062 525 1192 614 elate,

116 649 296 723 chiama
320 639 561 742 piramide.
588 639 688 714 Hine
713 639 853 740 duplex
874 643 1085 738 conjectura
1104 643 1192 717 duci

48 841 50 846 ,
115 766 271 864 poterit,
310 763 382 836 hoc
414 782 496 833 esse
532 771 599 833 aut
633 759 756 835 cordis
788 763 1008 862 Dionypiaci
1041 764 1190 837 simula·

116 908 217 960 crum
251 897 317 957 aut
340 881 548 980 placentam
575 903 738 971 sacram,
764 881 813 955 de
837 906 910 981 qua
935 880 1108 957 Clemens
1134 883 1187 955 lo·

115 1008 256 1105 quitur,
287 1025 373 1077 aere
399 999 564 1075 effictam.
618 1002 715 1093 Sed,
742 1002 844 1101 quod
870 1003 928 1077 ad'
946 1004 1017 1077 hoc
1041 1007 1187 1093 attinet,

114 1147 249 1225 parum
283 1120 458 1198 credibile
489 1121 639 1198 videtur
664 1148 711 1196 ex
738 1134 817 1198 toto
844 1146 1001 1200 numero
1027 1123 1188 1198 liborum

115 1268 228 1320 unam
262 1241 496 1343 pyramidem
530 1245 684 1318 electam
711 1267 811 1335 esse,
844 1246 949 1341 cnjus
975 1241 1111 1340 effigies
1136 1246 1183 1318 ci·

114 1378 194 1440 stae
227 1366 408 1458 mysticae
432 1361 639 1455 inderetur3
676 1363 812 1437 deinde
837 1366 1035 1454 incertum,
1062 1376 1186 1438 utrum
1220 1416 1224 1424 =

114 1483 320 1588 πυραμίδες
361 1482 449 1555 illae
490 1487 513 1556 a
544 1485 694 1574 forma,
735 1496 779 1558 ut
812 1486 909 1558 tiara
942 1483 1128 1558 turbinata
1136 1483 1185 1582 [⁸]

101 1609 251 1681 n'omen
289 1604 451 1677 habeant
491 1626 558 1693 au,
611 1616 653 1677 ut
691 1605 913 1704 σησαμίδες,
957 1605 1184 1677 amatoria

111 1728 233 1800 Priori
266 1727 498 1821 conjecturae
529 1726 751 1819 muraganrr
777 1724 937 1798 Hermes
961 1723 1053 1796 Pim.
1079 1722 1123 1797 V.
1148 1721 1183 1823 ξ.

113 1833 149 1921 t.
181 1845 248 1934 ed„
265 1845 386 1918 Fluss.
411 1845 573 1945 καρδίαν
597 1867 737 1921 vocans
762 1844 992 1946 πυραμοειδῆ
1018 1856 1057 1917 et
1081 1844 1185 1917 favet

112 1968 296 2042 Firminus
331 1988 394 2040 cor
419 1965 554 2038 Racebi
578 1968 618 2036 in
643 1964 871 2038 solemnibus
898 1963 1108 2037 Trietericis
1133 1964 1184 2035 ci-

87 2086 172 2161 'std
203 2085 383 2183 praeferri
414 2083 584 2175 tradens;
616 2082 683 2157 sed
708 2082 748 2155 id
774 2081 889 2157 modo
915 2085 1090 2156 hactenns
1116 2104 1183 2158 va·
1278 2116 1280 2119 >

78 2179 168 2280 ‘let
205 2216 249 2277 nt
288 2205 428 2301 prisma
468 2202 564 2275 illud
598 2202 1001 2305 Praenestinnm'pmisi
1034 2202 1183 2300 phallus

113 2327 186 2424 est)
217 2322 308 2422 quid
340 2321 414 2394 sibi
446 2322 557 2411 velit,
589 2323 722 2396 melius
755 2326 1039 2422 perspiciamus3
1071 2324 1182 2421 pyra-

113 2445 254 2521 midem
287 2466 311 2516 a
344 2440 534 2515 Clemente
564 2455 819 2543 memoratam
840 2464 993 2540 prorsus
1027 2466 1073 2515 ex
1104 2443 1182 2516 alio
1218 2446 1221 2449 ’

113 2588 246 2663 genere
278 2585 403 2636 rerum
427 2580 524 2652 esse,
551 2586 598 2636 ex
624 2563 706 2637 loco
731 2566 837 2662 ipso,
863 2587 909 2636 ex
934 2559 1118 2659 adjunctis
1144 2572 1183 2634 et

114 2682 417 2784 praecedentibus
458 2681 619 2757 dilucide
659 2696 826 2783 apparet
885 2684 1050 2758 Primum
1084 2684 1182 2755 enim

14 2880 16 2885 ,
115 2802 320 2902 crepundia
360 2796 579 2892 enumerat‚'
616 2803 750 2901 qtribus
789 2805 949 2899 Zagrem
986 2803 1182 2876 inlantianr

113 2946 219 2997 suam
267 2921 535 3012 oblectaverat,
561 2921 719 2996 vdeinde
767 2927 891 3000 varias
930 2924 1182 3023 placentarum

112 3044 274 3143 species,
312 3063 404 3138 quas
431 3040 716 3136 chrysostomus
742 3066 887 3143 quoque
910 3045 974 3117 illi.
991 3042 1182 3116 illecebra-

112 3186 194 3238 rum
228 3163 437 3260 puerilium·
459 3165 584 3259 generi
617 3162 784 3260 adjungit
814 3167 853 3238 in
887 3164 949 3238 Or.
982 3163 1067 3239 adv.
1101 3162 1181 3238 lud

112 3286 141 3356 l.
181 3307 218 3379 p.
253 3281 339 3357 599.
370 3284 412 3356 B.
452 3288 489 3362 οἱ
529 3285 827 3385 ἀνδραποδισταὶ
865 3283 1088 3388 τραγήματα
1119 3285 1183 3361 καὶ

115 3413 348 3490 πλακοῦντας
379 3405 443 3482 καὶ
475 3403 734 3508 ἀστραγάλους
758 3412 838 3489 τοῖς
867 3413 1012 3503 μικροῖς
1037 3432 1181 3504 προτει-

113 3520 265 3620 adpetet
290 3525 451 3611 παιδίοις
475 3534 540 3621 τῆς
566 3522 780 3622 ἐλευθερίας
799 3524 1056 3623 ἀποστεροῦσι.
1084 3518 1182 3592 unde

117 3662 219 3716 nova
244 3645 500 3738 quaestionum
533 3644 647 3715 series
679 3643 817 3731 oritur,
850 3642 975 3713 utinm
1006 3639 1074 3711 illa
1104 3638 1182 3729 belf

114 3762 206 3834 laria
245 3759 375 3832 locum
409 3784 538 3835 eornm
580 3760 806 3833 obtinuerint
845 3758 979 3856 quibus
1017 3758 1182 3830 miserri-

114 3904 197 3957 mus
238 3903 331 3978 puer
374 3878 630 3955 deludificatus
664 3892 722 3954 ent
755 3902 822 3967 ana
863 3878 1013 3951 utalia
1043 3876 1182 3950 dulcia·

185 4030 273 4105 [014.
293 4033 336 4088 m
354 4032 437 4103 cmg.
456 4033 543 4087 elue.
564 4033 596 4086 r.
613 4032 635 4087 r.
652 4051 679 4103 p.
694 4030 771 4086 απ.
791 4032 831 4128 n.
845 4000 940 4103 σαμε
957 4031 1066 4086 omen.
1080 4048 1104 4103 p.
1116 4028 1177 4084 seo.
