2917 4600
495 211 843 270 nnnnslura
1135 188 1209 265 lus

128 396 341 464 mantum
375 390 420 454 et
445 379 557 453 cirri
590 377 927 452 Germanorum
958 381 1004 446 et
1029 365 1236 472 crobuli

130 506 460 590 barbarorum,
486 520 581 595 quac
606 497 856 571 Tertullianus
875 493 936 566 Ile
955 488 1104 567 veland.
1119 488 1211 582 virg.

131 657 167 704 c.
193 626 240 701 X
274 645 358 698 cnm
391 618 674 693 Atheniensium
708 616 908 690 crinalibns
933 612 1143 710 componit,
1176 619 1215 680 et

133 771 234 847 quae
269 741 382 819 bodie
416 752 654 814 assumuntur
679 739 811 835 capitis
838 746 1072 823 ornamenta,
1103 754 1213 805 nemo

133 867 286 966 quaerit
317 860 404 961 quid
438 862 658 956 significent,
690 859 778 932 licet
809 857 901 955 pilei
908 910 920 949 ,
952 858 1066 953 galeri
1082 868 1131 930 et
1156 879 1215 930 ca-
1260 945 1266 964 μ’

133 986 283 1061 liendra
307 993 436 1057 nostra
460 1003 538 1053 nnn
560 981 685 1053 minus
710 979 850 1074 largam
877 977 926 1052 atl
948 979 1216 1077 philosophan-

139 1109 232 1181 dum
258 1103 461 1203 praebeant
485 1102 693 1189 materiam,
718 1121 839 1197 neque
865 1121 995 1173 omnes
1015 1099 1218 1174 Athenien·

138 1251 202 1303 ses
233 1226 304 1299 boc
336 1232 553 1296 ornamento
586 1222 645 1294 usi
669 1217 752 1295 'sint
781 1220 850 1293 sed
875 1218 1131 1295 tantummodo
1157 1241 1219 1293 se-

140 1353 287 1437 niores,
323 1364 417 1443 quos
449 1340 643 1414 delicatior
675 1338 830 1414 decebat
861 1341 979 1413 cultus
996 1336 1060 1438 [‘]‚
1098 1361 1219 1437 noque

142 1471 184 1544 lri
221 1467 294 1541 soli
333 1461 401 1539 sed
438 1463 554 1536 etiarn
589 1460 673 1552 alii,
721 1462 786 1559 qui
824 1460 1102 1550 Autocbtbones
1143 1482 1221 1534 non

143 1582 329 1686 erant[‘¹‘¹].
352 1582 509 1658 Lunulis
524 1580 707 1670 eburneis,
731 1580 865 1679 qrribns
878 1581 1130 1656 Romanorum
1148 1581 1222 1654 cal·
1248 1566 1251 1574 ’

144 1707 330 1778 clementa
367 1703 507 1777 mullea
538 1700 829 1791 exornabantur,
866 1701 1018 1800 qnidam
1049 1701 1222 1788 fortunae

146 1825 451 1927 inconstantiam,
482 1823 548 1896 alii
581 1823 789 1895 animarum
822 1820 950 1895 sedem
975 1822 1086 1896 lunae
1111 1821 1223 1917 globo

148 1944 423 2034 sublimiorem,
455 1943 625 2040 plerique
656 1943 900 2040 patriciorum
925 1943 1163 2018 nobilitatem*
1187 1954 1225 2016 et

149 2065 300 2140 ductum
327 2087 352 2138 a
376 2063 583 2138 Proselenis
608 2085 722 2158 genus
747 2064 943 2166 significari
968 2063 1132 2137 crodunt
1156 2064 1225 2138 Pa-

148 2189 311 2284 riterque
342 2183 462 2259 bullas
493 2186 737 2279 ingenuorum
767 2206 969 2281 puerorum
994 2185 1136 2281 pectori
1162 2196 1230 2282 ap*

151 2330 288 2407 pensas
326 2305 442 2379 fuisse
479 2310 690 2379 memorant
730 2315 773 2375 ut
814 2303 957 2377 bullam
989 2303 1228 2401 inspicientes

152 2431 209 2501 ita
239 2451 279 2501 se
311 2424 460 2499 demum
495 2424 665 2498 homines
692 2445 773 2497 esse
799 2426 1019 2518 cogitarent,
1051 2424 1084 2497 si
1117 2422 1228 2523 corde

154 2557 386 2648 praestarent
416 2544 580 2619 Macrob.
604 2547 633 2617 l.
663 2544 721 2618 lu.
781 2542 898 2633 Quasi
928 2568 1019 2619 vern
1052 2545 1143 2618 haec
1169 2568 1229 2618 co·

155 2670 285 2764 gitatin
318 2689 393 2741 una
425 2690 508 2740 cum
534 2666 636 2740 bulla
662 2676 700 2739 et
725 2677 920 2764 praetexta
945 2687 996 2738 ex
1023 2667 1148 2739 animo
1176 2664 1231 2738 di·

156 2786 339 2864 mittenda
370 2788 438 2877 sit,
470 2800 536 2861 aut
568 2789 675 2886 quasi
705 2809 782 2861 non
807 2785 981 2860 mulieres
1008 2808 1152 2884 quoque
1176 2787 1232 2859 lu·

229 2973 269 3047 [o]
288 2976 381 3030 uua.
398 2977 459 3030 xn.
476 2938 537 3029 555.
554 2976 588 3028 a.
612 2973 662 3029 aar
678 2975 725 3030 ec
745 2956 958 3050 septantam
974 2979 1036 3042 rte
1056 2975 1234 3043 alunnum

158 3049 192 3102 ἓν
202 3043 380 3118 ’Πρυτάνεσιν
398 3044 483 3120 ἁβρὸν
501 3042 565 3101 ὄντα
582 3045 771 3116 παραδίδωσι,
806 3044 978 3121 Κραπῖνόςΐ
998 3048 1030 3100 lv
1048 3052 1166 3117 Χείρωσι
1184 3043 1234 3108 τὴν

161 3136 790 3256 a,
807 3126 858 3203 a
1305 3180 1309 3187 ·

161 3253 287 3330 λαμπρός
302 3289 338 3299 -
354 3244 463 3343 οἷόςπερ
477 3228 625 3329 Ἀριᾶτείδῃ
645 3259 692 3310 stol
708 3206 1042 3332 Mcfrrffiriogogr’mtcyrttffl
1071 3207 1086 3258 q
1168 3206 1190 3259 μ

233 3324 292 3397 [Μ]
311 3328 392 3412 Rapis
423 3327 484 3380 Nrsi
515 3344 620 3381 aurea
644 3335 786 3381 corutum
810 3327 923 3382 fibula
945 3328 1111 3381 nectebat
1134 3327 1236 3380 dente

164 3397 311 3463 cicadae
333 3399 428 3467 Vrrgil.
452 3398 507 3450 Cir.
529 3415 554 3451 v.
574 3396 633 3449 127.
656 3398 697 3451 Dc
720 3399 817 3452 Sarniic
840 3400 919 3452 Asius
935 3399 1029 3452 Athen.
1046 3398 1107 3452 XII.
1127 3398 1188 3451 525.
1204 3398 1237 3450 ll.

160 3474 255 3556 gnoitae
272 3466 297 3521 δ’
315 3465 440 3540 aaaron?
460 3466 567 3553 ἀνέμῳ,
588 3464 715 3541 χρύσειαι
740 3469 771 3524 δὲ
789 3465 926 3543 κόρυμβαι
941 3468 982 3523 ἐπ’
1003 3468 1106 3525 αὐτέων
1123 3474 1237 3539 τέττιγες

164 3558 202 3598 ως
217 3556 244 3590 v.
261 3539 348 3593 Neci.
365 3539 399 3592 dc
417 3539 531 3591 Chcenl.
553 3555 579 3607 p.
596 3538 640 3593 74.
672 3538 816 3602 Quaeritur
839 3542 896 3609 quis
914 3541 1012 3610 primus
1029 3540 1134 3593 uada
1150 3555 1237 3610 γηγε-

164 3615 220 3669 νεῖς
243 3625 301 3671 esec
325 3609 421 3662 dixerit
444 3612 539 3663 Anser.
564 3608 662 3661 XLIII.
682 3609 723 3662 15.
742 3627 793 3680 qno
810 3611 909 3664 (lenum
928 3612 1028 3664 credito
1045 3609 1188 3678 symbolum
1204 3608 1238 3660 il-

166 3678 211 3731 tud
229 3681 362 3733 terrestris
380 3685 453 3733 ortus
471 3679 563 3732 ucisci
581 3680 675 3748 potuit,
692 3681 794 3733 minime
811 3698 829 3734 a
845 3682 938 3753 priscis
956 3683 1075 3744 Graecis,
1093 3679 1137 3748 qui
1154 3679 1240 3733 omnia
1305 3740 1308 3747 ¹

165 3749 289 3803 animalia
312 3767 451 3819 omnesque
475 3750 588 3802 honines
615 3766 630 3802 e
651 3758 723 3804 terra
749 3759 825 3804 natos
848 3754 991 3822 putabant3
1009 3757 1136 3822 perpetua
1153 3756 1240 3802 autem

164 3820 282 3888 ejusden
298 3826 387 3874 terrae
403 3822 546 3891 pomessio,
564 3836 615 3889 qna
631 3822 803 3874 Athenienses
820 3823 1014 3891 gloriabantur,
1031 3823 1082 3873 icto
1100 3819 1176 3886 signo
1193 3836 1240 3872 no-

164 3891 218 3944 tari
235 3896 416 3961 conpeteret.
450 3889 526 3960 Apud
544 3890 689 3960 Aegyption
707 3893 812 3946 mendas
829 3894 973 3961 symbolum
989 3889 1142 3944 initiationis
1159 3891 1241 3943 fuisse

167 3961 313 4031 Horapollo
337 3964 436 4024 refert,
453 3961 522 4013 unde
539 3960 695 4031 anuisins,
718 3964 794 4032 qussi
812 3964 922 4016 nondum
939 3963 1004 4016 satis
1021 3963 1057 4013 sit
1074 3960 1240 4031 ineptiarum,

169 4032 333 4085 mulieres
350 4032 492 4085 Atticas
509 4033 578 4085 bunc
594 4049 667 4085 usum
685 4035 818 4104 accepisse
836 4043 952 4091 autumat
968 4033 989 4085 l.
1007 4033 1038 4087 P:
1056 4032 1102 4085 IV.
1121 4031 1146 4085 8.
