2917 4600
405 221 415 241 .
470 181 817 239 nnnusurrn.
1110 173 1177 250 161

93 350 263 444 φοῦντες
307 340 403 442 μετοί
449 373 552 430 τινος
596 343 798 445 εὐμουσίας
842 343 1181 452 ψυχαγιιηιούμινοι

97 467 202 562 ῥᾷον
227 459 368 558 ζητῶσί
389 491 430 538 τε
454 463 519 540 καὶ
545 464 743 564 εὑρίσκωσι
767 463 838 562 τὴν
863 463 1058 564 ἀλήθειαν,
1082 471 1119 544 οἱ
1138 469 1180 546 δὲ

96 582 270 680 ἀμαθεῖς
300 579 353 680 μὴ
378 594 646 684 καταφρονῶσι
670 582 819 663 τούτων
844 579 899 662 ὧν
924 586 970 662 οὐ
996 584 1181 668 δύνανται

94 701 281 779 συνιέναι·
308 699 372 776 καὶ
395 691 470 805 γάρ
497 702 576 780 ἐστί
592 734 672 789 ποις
690 704 735 784 τὸ
754 702 827 805 μὲν
846 705 894 782 δι’
914 706 1093 794 ὑπονοίας
1113 736 1180 807 ση-

90 817 334 920 μαινόμενον
359 822 542 925 cyaneos,
567 823 610 901 τὸ
637 823 680 901 δὲ
701 835 877 927 φανερῶς
897 824 1099 930 λεγόμενον
1118 831 1180 905 εὐ-

92 942 200 1027 τελές
225 939 272 1012 de
295 939 410 1014 Hom.
436 941 540 1016 Poes.
568 967 597 1016 α
623 944 685 1017 92.
710 968 748 1042 p.
778 943 887 1018 1131.
920 945 1050 1044 anue
1076 949 1181 1046 quasi

90 1059 249 1159 publica
280 1059 353 1138 fut
387 1064 597 1169 persuasio,
629 1065 671 1137 in
704 1065 809 1160 omni
834 1086 968 1159 genere
993 1067 1178 1142 scribendi

91 1178 137 1252 id
170 1180 335 1253 maxime
367 1181 545 1255 excellere
569 1182 671 1281 quod
696 1185 912 1279 longissime
936 1187 986 1259 sit
1011 1208 1035 1259 a
1059 1187 1179 1284 legen-

13 1343 14 1380 r
92 1302 197 1378 tium
221 1323 331 1374 sensu
358 1314 402 1375 et·
419 1303 663 1399 intelligentia
688 1302 924 1397 disjunctum.
976 1303 1059 1395 Quo
1085 1308 1179 1380 nihil

91 1422 313 1522 pmversius
338 1421 439 1496 credi
464 1425 598 1521 potuit
649 1423 771 1498 Multa
794 1425 917 1498 inesse
941 1426 987 1497 in>
1006 1440 1177 1502 veterum

94 1542 294 1616 literarum
340 1544 578 1630 monimentis
626 1543 677 1617 ad
721 1542 1001 1639 intelligendum
1043 1569 1177 1646 parurn

94 1675 232 1762 aperta
258 1663 534 1760 experimur'in
560 1663 754 1738 levissime
779 1686 926 1762 quaque
953 1687 1073 1739 causa
1100 1667 1175 1742 Sed

95 1786 286 1882 optimum
325 1803 508 1880 quemque
547 1784 785 1899 antiquorum
825 1785 1046 1882 scriptomm
1088 1808 1177 1885 ope-

93 1925 180 1977 ram
207 1901 354 1976 dedisse
380 1913 422 1976 ut
448 1901 602 1976 obscure
628 1901 815 1999 loquendo
835 1905 982 1998 ingenia
996 1906 1175 1980 lectorum

95 2034 308 2122 torqueret,
332 2023 635 2120 perspicuitatem
662 2033 809 2113 autem,
836 2044 931 2121 quae
956 2036 1014 2098 est
1039 2028 1173 2099 oratio·

94 2145 158 2217 nis
190 2146 311 2220 virtus
343 2138 574 2241 primaria[¹]
610 2142 682 2230 sic,
717 2151 759 2214 ut
784 2143 998 2239 scopulum,
1024 2146 1176 2243 vitasse,
1238 2185 1241 2192 .

95 2265 182 2364 quis
208 2261 360 2338 tandem
385 2258 568 2359 eiusmodi
594 2263 822 2357 argumentis
843 2261 991 2335 credere
1015 2260 1173 2338 adduca-

94 2370 190 2473 tur‚‘
213 2383 345 2482 quihus
378 2380 549 2456 Clemens
580 2402 671 2454 usus
704 2380 784 2455 estl
811 2378 885 2471 Qui
910 2380 958 2455 de
982 2382 1093 2456 rebus
1106 2384 1175 2456 'in-

96 2506 257 2599 cognitis
281 2499 513 2578 trudiderunt
536 2499 638 2575 haud
663 2503 768 2599 prius
795 2501 904 2593 dicta,
929 2504 1039 2578 novis
1065 2526 1175 2579 voca-

93 2623 205 2698 bulis
233 2636 270 2697 et
299 2623 425 2720 figuris
449 2623 611 2696 insolitis
636 2624 752 2696 aninri
777 2645 887 2696 sensa
911 2636 1176 2722 expresserunt

92 2766 175 2823 non
208 2747 295 2844 quia
325 2745 469 2818 nollent
501 2743 642 2841 paratis
675 2744 734 2816 uti
763 2741 831 2817 sed
862 2745 950 2842 quia
984 2766 1060 2818 non
1084 2752 1173 2842 pos·

93 2874 201 2965 sent
243 2864 354 2938 Muti
374 2861 488 2962 repud
519 2864 691 2962 aequales
724 2865 919 2961 perspicue
952 2876 991 2935 et
1014 2863 1173 2960 popula·
1324 2938 1328 2949 ,

94 2988 189 3060 citer
214 2985 361 3081 loquuti
384 2994 539 3082 propter
562 2985 687 3084 ipsam
708 2992 936 3083 vetustatem
956 2984 1079 3055 minus
1102 2984 1170 3055 mi-

93 3108 243 3204 nusque
277 3105 541 3201 intelliguntur.
606 3104 658 3177 Et
696 3104 794 3177 inter
831 3102 917 3176 illos
949 3104 1074 3198 ipsos,
1109 3103 1172 3200 qui

96 3226 290 3301 obscurius
331 3226 556 3323 scripserunt
594 3247 703 3322 quem
745 3221 921 3296 deberent
952 3233 991 3294 et
1022 3244 1171 3295 neeesse

96 3360 195 3436 erat,
236 3345 332 3418 alius
372 3346 554 3419 concisam
587 3343 808 3420 brevitatem
842 3351 1070 3415 consectatus
1103 3352 1171 3430 est,

95 3467 195 3539 allus
234 3463 447 3539 reconditae
479 3464 647 3538 lectionis
681 3466 842 3561 speciem
875 3462 1080 3550 affectavit,
1102 3472 1171 3534 ‘sa-

92 3587 262 3684 pientiae
299 3607 410 3659 nemo
450 3597 598 3683 praeter
636 3604 700 3657 eos
741 3586 823 3682 qui,
855 3584 890 3656 si
921 3579 1018 3655 clere
1049 3578 1171 3654 dicere

94 3728 192 3804 quae
217 3708 397 3781 sentirent
420 3706 636 3797 voluissent,
660 3704 754 3779 nihil
779 3725 909 3804 sapere
933 3702 1008 3779 visi
1034 3707 1169 3772 essent

154 3907 210 3993 p]
228 3910 382 3965 mesra
406 3910 516 3967 meur.
542 3910 592 3967 nr.
609 3869 635 3965 ιζ
652 3910 712 3968 at.
739 3905 865 3982 οιιμς,
891 3904 940 3963 ιιι
961 3902 1001 3976 μὴ
1018 3900 1111 3971 onies,
1136 3901 1170 3960 oe
1316 3902 1320 3909 ’

95 3996 205 4046 ποιησει
221 3979 252 4037 τὸ
270 3981 368 4038 ἑαυτοῦ
384 3983 476 4055 ἔργον.

919 4063 963 4138 11
