2917 4600
260 162 338 238 206
448 172 452 189 ·
619 174 764 228 maun
788 175 974 231 enimus.
1001 214 1008 233 .

261 335 349 411 647.
379 333 437 407 13.
464 340 502 405 et
527 335 566 404 in
593 336 811 408 universum
837 333 885 408 de
911 334 1084 408 omnibus
1110 338 1177 433 qui
1203 339 1346 436 aliquid

262 459 302 553 in
334 454 507 528 notitiam
541 436 735 527 hominum
769 455 984 553 proferunt,
1020 457 1061 528 in
1093 477 1203 530 usum
1236 458 1346 532 indu-

263 587 366 652 cunt:
391 574 412 652 ὅ
439 574 660 662 καταδείξας
678 576 750 673 τὴν
772 580 916 674 ἐσθῆτα
937 570 1058 650 Strab.
1079 574 1145 649 XI.
1167 575 1255 651 565.
1275 588 1345 666 τὰς
1415 636 1419 643 ,

262 695 466 780 ολνοτιοιλας
490 693 605 768 Diod.
629 690 694 769 ΠΙ.
720 695 783 769 62.
817 697 888 793 τὴν
912 698 1151 776 πολυτέλειαν
1176 700 1205 770 Ι.
1231 698 1295 773 45.
1322 704 1342 777 ὁ

262 828 421 901 πλοῦτος
445 811 571 914 μάχας
596 817 779 903 κατέδειξε
804 815 936 890 Liban.
964 817 1006 890 Τ.
1032 816 1095 890 lv.
1123 818 1211 894 979.
1271 820 1359 895 His·

262 938 435 1012 omnibus
467 937 508 1008 in
541 936 632 1010 locis
666 933 889 1027 Creuzerus,
922 940 955 1011 si
981 950 1149 1011 constare
1175 939 1249 1013 sibi
1275 964 1344 1015 vo-

259 1059 392 1146 luerit,
424 1054 543 1130 verba
575 1057 695 1143 ιΙεῖξαι
726 1070 764 1130 et
795 1058 1013 1146 καταδεῖξαι
1036 1059 1344 1157 interpretabitur

262 1181 431 1279 docere
456 1176 716 1271 symbolice
742 1177 871 1272 Symb.
899 1178 941 1252 Τ.
967 1179 996 1252 Ι.
1026 1178 1084 1251 ll.

286 1280 290 1287 ⁴
352 1295 553 1372 'Homerus
594 1319 713 1395 neque
753 1299 941 1375 Eleusinis
976 1299 1080 1372 urbis
1113 1301 1341 1374 mentionem

260 1421 350 1496 fecit
373 1437 495 1514 neque
520 1416 674 1490 heroum
701 1418 980 1494 Eleusinicrum
1003 1417 1123 1509 Celei,
1149 1418 1343 1512 Dysaulis,

263 1541 503 1633 omniumque
544 1536 776 1611 celeberrimi
815 1538 1056 1637 Triptolemi,
1097 1560 1256 1636 quorum
1296 1538 1343 1613 de

262 1683 395 1758 genere
433 1668 537 1731 tanta
577 1667 635 1730 est
666 1660 763 1731 inter
796 1669 965 1747 auctores
998 1659 1182 1743 dissensio
1197 1662 1261 1755 [⁸],
1299 1672 1343 1732 ut

262 1791 403 1882 pateat,
428 1776 533 1866 nihil,
560 1775 660 1874 quod
686 1778 789 1882 apud
815 1803 944 1855 omnes
969 1803 1040 1879 pro
1067 1792 1166 1853 certo
1197 1780 1342 1854 obuness

261 1913 338 1990 ret,
380 1899 583 1995 antiquitus
624 1898 802 1974 traditum
844 1924 962 1999 eoque
1002 1902 1120 1976 cuivis
1156 1906 1366 1974 summam¹

261 2019 448 2118 fingendi,
478 2016 581 2114 quod
614 2017 805 2110 libuisset,
838 2025 984 2120 copiam
1015 2022 1155 2095 factam
1188 2042 1269 2093 esse
1283 2018 1353 2118 [Ἲς

260 2142 350 2215 Duo
389 2148 517 2214 autern
556 2139 798 2215 celeberrima
832 2142 1108 2245 Eleusiniamm
1144 2142 1342 2241 antiquita-

262 2276 345 2338 tum
377 2274 638 2354 monumenta,
673 2262 814 2352 bellum
845 2262 1079 2338 Eleusiniam
1105 2273 1144 2338 et
1166 2261 1249 2339 ludi
1273 2286 1342 2362 pu·
1399 2272 1407 2293 ⁸

260 2386 350 2458 blici
370 2406 395 2456 a
413 2384 516 2458 nullo
537 2397 706 2462 veterum
725 2398 922 2484 poetarum
942 2382 1189 2476 celebrantem
1208 2386 1342 2459 homm

261 2507 406 2604 prImus
421 2504 605 2580 Pindarus
616 2508 788 2582 meminit
795 2507 852 2606 [Ἴ.
877 2505 938 2579 De
957 2506 1024 2578 illo
1042 2504 1281 2601 Thucydides
1295 2507 1342 2579 Π.

336 2690 377 2761 [⁸]
403 2691 591 2761 Triptolemum
616 2694 787 2747 Athenienses
812 2692 886 2746 Celei
916 2693 1173 2817 filiurnuperbibent,
1192 2671 1196 2676 Ι
1216 2693 1341 2756 Musaeus

264 2768 293 2816 et
308 2762 475 2832 Pherecydes
493 2764 593 2817 Oceani
610 2773 638 2818 et
655 2766 767 2828 Terrae,
786 2765 810 2817 O
844 2764 908 2817 hem
925 2764 999 2834 Dysa
1028 2765 1059 2829 ἐ,
1078 2764 1215 2817 Choerilus
1232 2771 1261 2816 et
1272 2763 1341 2815 Phe-

263 2833 374 2903 recydes
395 2833 475 2899 Rari,
500 2833 629 2904 Panyasis
650 2835 799 2900 Eleusinis,
851 2852 941 2887 cusan.
959 2835 981 2887 I.
1002 2832 1043 2886 14.
1070 2834 1191 2905 Apollcd.
1210 2833 1234 2886 5.
1252 2833 1277 2885 2.
1296 2832 1340 2885 ubi

263 2905 385 2973 Heynius
406 2904 566 2974 Pherecydis
589 2905 764 2960 testimonium
781 2905 929 2975 'interpolat
953 2922 1001 2975 pro
1021 2906 1127 2960 Oceano
1144 2905 1260 2958 Uranum
1277 2903 1341 2954 sub-

264 2978 383 3099 stgtrppnr.
414 2974 660 3099 pigmr⁷lileusinis
678 2977 766 3030 herois
783 2977 866 3031 Daira
884 2977 985 3030 Oceani
1002 2976 1059 3030 iilia
1076 2977 1180 3030 dieitur.
1199 2992 1224 3028 v.
1241 2973 1339 3026 Siebel.

265 3063 282 3100 a
339 3062 396 3097 aus.
473 3048 497 3099 8.
533 3084 541 3100 .
621 3097 624 3102 .

364 3129 376 3197 ]
394 3128 474 3182 Paos.
491 3130 508 3182 l.
527 3148 550 3183 c.
564 3129 724 3185 Ἐλευσίνιοι
741 3128 865 3216 ἀρχαῖοι,
893 3127 940 3183 ἅτε
964 3127 999 3184 οὗ
1023 3124 1179 3199 προςόνῑοιν
1195 3127 1277 3196 σφίσι
1293 3143 1340 3196 γε·

264 3199 330 3285 νεαλ
366 3216 420 3285 ων,
442 3195 518 3272 ,ἄλλα
543 3218 572 3256 τε
602 3197 763 3255 πλάσασθαι
792 3198 930 3255 dederuut
955 3201 1002 3253 καὶ
1024 3196 1144 3271 μάλιστα
1166 3195 1194 3257 ἒς
1217 3192 1251 3248 τὰ
1273 3200 1340 3267 γένη

265 3285 321 3323 των
355 3286 443 3340 ρωυν.
637 3279 639 3286 ’
732 3293 736 3312 ·

336 3352 375 3422 [θ]
394 3352 438 3405 Ol.
456 3353 504 3407 nt
523 3352 582 3407 150.
599 3353 674 3408 XIII.
693 3352 752 3407 157.
776 3353 824 3406 ubi
840 3353 1004 3407 SchoIIsstes
1027 3350 1074 3403 bos
1096 3348 1206 3402 omnium
1223 3346 1359 3410 ludorum,

266 3421 397 3477 Graeciae
422 3425 615 3495 antiquissimos
638 3423 729 3480 baberi
753 3422 834 3489 dicit,
860 3423 980 3494 idemque
997 3421 1152 3475 Aristoteles
1166 3417 1296 3487 judicavit
1312 3421 1340 3472 in

264 3493 348 3563 Peplc
377 3493 486 3564 primum
510 3495 670 3549 Eleusiniam
700 3503 831 3549 summer
854 3495 1000 3548 institutum
1026 3509 1084 3544 esse
1106 3489 1227 3557 frugibus
1249 3506 1341 3543 recens

264 3565 392 3635 repertis,
416 3567 534 3634 proxime
551 3566 737 3620 Panathenaea
754 3565 842 3618 Sobel.
859 3565 967 3618 amad.
985 3581 1011 3632 p.
1031 3560 1089 3613 106.
1109 3561 1204 3647 quibua
1222 3560 1341 3631 plerique

265 3651 388 3689 summam
405 3636 585 3704 antiquitatem
602 3644 738 3701 asserum,
756 3637 852 3707 quippe
870 3636 904 3688 ab
921 3633 1093 3687 Erichthonio
1110 3631 1247 3695 restitutis,
1265 3639 1362 3701 quem·

266 3706 358 3774 quinto
375 3706 432 3758 loeo
450 3712 574 3776 sequutus
592 3715 633 3760 est
649 3707 768 3761 Pandion
784 3723 811 3759 r.
829 3706 949 3762 Periscn.
967 3705 1002 3758 ad
1019 3703 1120 3756 helian.
1137 3695 1172 3759 V.
1190 3703 1226 3756 II.
1234 3702 1284 3755 111.
1297 3701 1339 3755 38.

265 3776 372 3841 Versus,
391 3793 466 3845 quern
482 3777 660 3830 Artemidorus
677 3777 776 3848 allegat
791 3776 814 3828 I.
832 3777 857 3828 8.
874 3771 982 3848 ταύροις
998 3775 1030 3830 ἐν
1044 3775 1133 3844 Ἰωνία
1149 3774 1248 3833 παῖδες
1256 3771 1339 3843 Ἐφε-

266 3851 335 3901 σίων
352 3845 529 3917 ἀγωνίζονται
545 3851 592 3901 καλ
608 3850 641 3903 ἓν
654 3846 757 3923 Ἀττικῇ
774 3844 850 3921 παρὰ
872 3852 931 3908 ταῖς
946 3852 1026 3909 θεαῖς
1042 3846 1074 3903 ἐν
1087 3845 1221 3902 Ἐλευσῖνι
1236 3845 1341 3915 Κοῡροι

263 3915 404 3985 Ἀθηναῖοι
420 3919 652 3990 περιτελλομένων
669 3919 814 3987 ἐνιαυτῶν,
832 3923 925 3971 auctor
941 3917 1022 3986 latet,
1040 3935 1126 3987 neque
1143 3915 1221 3969 lectio
1237 3915 1341 3982 integra

162 4057 166 4062 ,
267 3996 317 4052 est,
335 3994 407 4041 carte
423 3992 518 4060 κοῦροι
530 3987 682 4056 Ἀθηναίων
693 3991 861 4059 ,σοτῐλνευάιιοι
879 3988 951 4042 utin
969 3991 1045 4045 Horu.
1063 3990 1099 4044 Η.
1117 3989 1145 4042 in
1162 3986 1223 4038 Cer.
1241 4002 1267 4038 v.
1279 3982 1339 4037 267.
