2917 4600
501 174 847 243 annuemus.
1137 164 1211 241 173

139 340 294 425 mutatis
326 336 493 412 vestibus
526 359 655 413 sexum
688 340 838 413 mentiri
861 338 1035 413 alienum.
1087 340 1211 414 Philo·

139 459 271 532 chorus
313 456 496 531 Venerem
537 456 695 532 affirmat
736 481 818 533 esse
850 459 977 532 lunam
1010 471 1049 532 et
1083 462 1119 532 ci
1151 482 1211 535 sa·

139 579 315 652 orificium
340 578 461 651 Iacere
487 581 588 652 viros
615 601 700 652 cum
725 591 832 654 veste
857 577 1046 668 muliebri,
1080 580 1211 653 mulie·
1348 660 1351 665 ἢ

138 721 198 771 res
230 721 315 772 cum
351 698 477 802 111111,ἱ
512 698 635 796 qnod
670 697 831 772 eadem
864 710 910 772 et
941 720 1039 772 mas
1071 701 1210 773 aesti-

140 831 289 892 matur
321 829 365 895 et
396 817 570 891 femina
599 817 762 892 Macrob.
795 818 860 891 ΠΙ
886 820 921 892 8.
954 817 1057 893 Nihil
1082 843 1210 919 suspe-

141 942 233 1012 ctius
272 939 331 1011 his
358 936 585 1012 Graecorum
608 938 947 1033 Archaeologorum
980 940 1210 1036 conjecturis,

140 1061 201 1156 qui
232 1060 351 1131 nimia
384 1060 612 1155 antiquitatis
644 1058 891 1133 admiratione
916 1057 1068 1135 ludicris
1092 1082 1212 1159 popu·
1292 1095 1303 1112 ·

141 1178 279 1252 laribus
318 1190 357 1251 et
390 1177 492 1276 apud
524 1201 651 1252 omnes
682 1181 852 1277 receptis«
871 1182 1035 1254 rationes
1068 1203 1213 1277 graves,

140 1299 203 1373 vel
228 1322 252 1372 a
276 1298 510 1397 physiologia
535 1303 711 1397 repetitas
737 1303 799 1377 vel
824 1301 873 1376 ab
897 1301 1071 1392 historia
1096 1299 1211 1398 subji-

141 1443 224 1493 cere
263 1421 393 1492 solent
457 1421 501 1492 ln
537 1419 812 1520 Oschophoriis
832 1421 1114 1496 Atheniensium
1146 1438 1213 1497 cnr

137 1542 294 1636 juvenes
332 1562 511 1639 pompam
552 1539 727 1616 ducentes
760 1541 959 1617 muliebres
993 1552 1117 1618 vestes
1150 1565 1213 1638 ge·
1254 1590 1258 1599 -
1344 1540 1348 1549 “

141 1674 225 1733 rant
255 1661 470 1735 Plutarchus
502 1663 661 1759 explicat
691 1661 736 1735 V.
776 1663 884 1738 Thes.
918 1688 947 1736 c
974 1660 1113 1736 XXIII.
1146 1684 1212 1735 cur

141 1781 250 1877 ¹³¹8ss
281 1793 452 1879 t(irripere
475 1781 572 1856 festo
592 1782 893 1878 Hybristioorum
920 1794 1075 1881 uterque
1101 1804 1211 1856 sexus
1326 1806 1330 1827 ·

141 1900 307 1975 habitum
338 1903 437 1976 iuter
469 1925 510 1976 se
543 1916 763 1996 commutet,
789 1905 1000 2000 Polyaenus
1025 1903 1123 1977 VIlI.
1150 1900 1211 1976 35.
1276 1968 1279 1975 ,

143 2045 206 2095 cur
231 2020 520 2121 Quinquatribus
546 2025 712 2099 tibicines
740 2025 899 2102 Ovidius
920 2027 1021 2099 Fast
1041 2021 1104 2095 Vl.
1124 2020 1212 2096 653.

143 2136 239 2233 692,
266 2146 329 2243 qui
355 2147 388 2219 si
415 2144 583 2220 viderent
608 2168 703 2244 quae
727 2142 841 2219 hodie
862 2144 964 2243 apud
981 2140 1212 2217 Christianos

141 2266 360 2362 praesertim
387 2267 484 2340 cirea
507 2279 654 2366 tempus
680 2263 906 2363 Carniprivii
931 2263 1103 2338 similiter
1130 2263 1213 2336 fieri

145 2386 285 2474 solent,
311 2386 450 2477 tlicttrm
475 2387 613 2461 lactum
639 2389 851 2464 invenirent
874 2386 1034 2483 aliquam
1061 2405 1213 2457 causam

143 2502 218 2578 sihi
258 2504 489 2604 11οό1111111,
529 2508 638 2583 nobis
671 2505 875 2583 ridendam.
933 2504 1005 2581 His
1038 2526 1129 2580 vero
1161 2504 1211 2577 si-

142 2624 321 2699 millimee
356 2628 461 2701 luere
493 2628 718 2703 Graecorum
751 2630 1074 2725 Romanorumque
1104 2646 1211 2723 pom-

140 2768 231 2843 pae,
256 2745 444 2847 iidemque
469 2749 598 2824 turbae
622 2762 844 2849 personatae
868 2750 991 2837 lusus5
1016 2743 1211 2845 plurestoh

141 2888 289 2960 caenam
314 2872 476 2967 primum
500 2872 586 2969 quia
610 2882 788 2946 cuncto
812 2869 892 2944 seb
917 2866 1101 2964 ignotis
1121 2865 1212 2939 lor·

142 2988 269 3062 cs'os'o
294 2990 505 3065 vestibus
530 2991 685 3080 audet,
718 3003 799 3066 nrm
825 2992 913 3089 quia
933 2989 1102 3062 homines
1122 2986 1213 3060 elati
1327 2982 1334 2990 ’

139 3109 294 3184 levitate
325 3110 551 3210 laetitiaque·
565 3111 770 3186 exultantes
797 3112 922 3186 omnia
948 3120 1212 3205 contraquam

143 3215 226 3304 mos
267 3242 306 3304 et
339 3234 435 3305 ratio
467 3232 560 3321 fert,
600 3232 721 3306 facere
751 3233 930 3328 gestiunt,
972 3226 1087 3302 modo
1120 3226 1210 3332 deos

142 3348 257 3424 modo
284 3349 420 3427 bestias
445 3351 649 3444 imitando,
681 3374 834 3452 seseque
858 3354 899 3424 in
925 3370 1052 3424 omues
1076 3348 1211 3444 figuras

140 3471 452 3548 transformando.
477 3473 634 3547 Athenis
654 3477 690 3551 οἱ
702 3470 953 3578 πομπεύοντα
967 3481 1022 3572 τῷ
1035 3468 1211 3569 Διονύσῳ

141 3591 238 3668 κατὰ
257 3593 416 3693 μίμησιν
440 3602 506 3691 τῆς
530 3594 614 3693 περὶ
639 3594 758 3673 αὐτὸν
773 3593 976 3694 θεραπείας
999 3590 1212 3693 ἐπόμπευον

140 3712 268 3811 οἱμὲν
286 3714 330 3792 τὸ
352 3724 432 3793 τῶν
452 3710 640 3817 Σατύρων
665 3724 789 3828 σχῆμα
810 3712 1001 3808 σώζοντες,
1026 3714 1063 3789 οἱ
1074 3709 1117 3788 δὲ
1130 3716 1210 3786 τῶν

43 3953 45 3962 .
138 3914 198 3967 auo
222 3916 301 3971 arbor
323 3927 417 3972 ornate
440 3917 526 3971 multis
550 3918 649 3990 ponis,
672 3920 775 3975 ficubus
798 3925 827 3973 et
842 3920 901 3974 uvis
916 3917 1017 3988 passis,
1041 3912 1108 3969 veho
1126 3913 1209 3984 inpo-

137 3984 259 4041 sitaetc.
