2917 4600
451 213 798 273 uuuns1u1s.
1111 209 1161 282 65

86 373 218 455 tollere
241 375 284 447 in
309 373 445 468 mnjtu,
471 371 621 448 Pindari
635 374 823 467 videlieet,
849 375 1057 475 Sophoclis,
1083 382 1161 454 loo·

85 495 198 568 nafis
224 493 472 591 aliorumque,
487 560 489 565 .
505 495 569 592 qui
595 514 664 569 sno
689 499 824 595 quique
849 498 931 571 loeo
956 500 1162 597 producen-

84 627 152 688 tur.
206 611 356 689 Deinde
386 625 575 707 secretum
602 617 749 711 ipsum,
778 614 830 691 'ut
854 619 1020 715 quotidie
1046 643 1161 721 expe-

83 735 221 823 rimur,
254 730 464 807 incredibili
496 733 655 832 quadam
680 737 722 812 vi
748 735 798 810 ad
823 738 1018 819 allicienda
1043 754 1081 814 et
1105 767 1160 816 re·

85 852 240 929 tinenda
270 852 465 931 hominum
497 853 623 928 studia
645 855 858 953 praeditum
885 870 942 930 est
965 859 1161 959 pluresque

86 974 146 1047 ille
176 994 383 1047 areanae
416 973 584 1047 horror
615 988 865 1075 sanctaque
890 979 1162 1074 ignorantia

85 1105 271 1169 amatores
310 1092 425 1174 babet
446 1116 570 1191 quam
600 1093 701 1169 nude
733 1096 971 1194 simplexque
1003 1101 1161 1191 veritae

84 1211 208 1311 qnod
239 1213 380 1310 vulgo
413 1224 502 1304 est,
535 1214 1005 1317 vile.est;squidquid
1029 1219 1167 1309 latet*

15 1370 17 1385 >
84 1346 225 1408 extat
254 1334 504 1425 bonorum,
537 1330 735 1434 Corippns:
757 1337 810 1409 ait
832 1336 891 1410 de
922 1337 1040 1413 laud.
1066 1339 1160 1413 Just.

84 1455 152 1529 lv,
166 1455 237 1533 ,oo
273 1464 325 1529 et.
344 1453 392 1528 de
424 1456 612 1551 mysteriis
643 1456 737 1553 ipsis
764 1455 943 1551 synesius
977 1458 1025 1531 de
1050 1458 1160 1535 Prov.

85 1574 235 1652 11..124.
258 1574 302 1652 Β.
328 1575 499 1680 ἀγνωσία
527 1572 719 1676 donodono
732 1577 792 1654 od
816 1588 973 1657 τελετῶν
997 1580 1062 1657 καὶ
1077 1579 1158 1668 νύξ.

87 1698 152 1775 διὰ
176 1706 291 1776 τοῦτο
315 1694 526 1775 πιστεύεται
549 1697 598 1774 τὰ
622 1695 809 1798 μυστήρια
835 1700 899 1776 καὶ
919 1702 1046 1801 ἄβατα
1067 1699 1160 1797 σπή-

86 1829 174 1896 λαια
205 1818 271 1896 διὰ
301 1827 414 1895 ταῦτα
447 1815 660 1921 ὀρύττεται,
697 1820 822 1921 καιροὶ
846 1820 910 1897 καὶ
934 1818 1044 1897 τόποι
1068 1819 1159 1922 apd·
1230 1844 1240 1873 ι

85 1968 192 2017 πτειν
224 1937 363 2024 εἰδότες
396 1939 670 2044 ἅῤῥηταυργίαν
703 1941 848 2017 ἔνθεον.
883 1985 935 1996 -
959 1941 1076 2031 Esto,
1102 1945 1182 2014 in-·

86 2063 184 2158 quoin
209 2058 278 2133 sed
300 2080 363 2132 eur
380 2059 618 2133 oeouluerunt
636 2060 790 2134 omnino
807 2083 903 2158 quae
922 2063 1016 2134 scire
1030 2084 1159 2135 omnes

85 2179 236 2255 liwretl
261 2178 393 2255 Nonne
417 2179 489 2253 hoe
512 2202 684 2276 magnum
711 2179 982 2257 documentum*
999 2195 1067 2270 eor,
1092 2203 1158 2278 po-

86 2305 235 2402 pulares
267 2301 548 2401 supersuuones
574 2301 621 2374 ab
646 2301 916 2399 Hierophantis
942 2301 1097 2396 rejectas
1123 2312 1161 2373 et

85 2423 265 2497 refutatas
297 2420 401 2497 esse‘l
432 2419 617 2519 Equidem
649 2422 742 2494 haee
773 2422 890 2495 multo
916 2421 1023 2495 aliter
1047 2422 1161 2494 inter-

90 2554 230 2644 pretor.
266 2542 364 2620 Nam
396 2544 491 2616 sieut
514 2540 618 2614 nulla
642 2540 722 2641 fere
746 2542 834 2616 urbs
859 2542 943 2631 fuit,
970 2556 1066 2639 quae
1084 2563 1159 2614 non

88 2663 243 2738 liaberet
267 2663 471 2740 domestica
495 2661 676 2761 quaedam
698 2684 806 2736 saera
829 2665 869 2735 in
896 2661 1027 2760 operto
1049 2663 1159 2751 culta,
1238 2645 1242 2656 ’

88 2786 164 2860 alia
195 2781 377 2880 indigenis
411 2781 590 2856 duntaxat
613 2795 722 2872 nota,
749 2784 825 2857 alia
849 2783 980 2856 uehis
1008 2782 1158 2880 quidem
1240 2882 1242 2886 .

87 2903 281 2995 omnium,
306 2904 374 2979 sed
399 2901 651 2978 sacerdotibus
676 2904 768 2977 solis
795 2906 941 2977 conscia
966 2904 1018 3000 (v.
1044 2904 1086 2975 L.
1113 2905 1160 2978 ll.

88 3051 117 3100 e.
139 3027 207 3102 llI.
233 3022 268 3124 ξι
292 3022 345 3123 3.)
375 3026 431 3098 ita
454 3035 610 3101 veteres.
623 3024 835 3097 Eleusinios
861 3022 1043 3096 contendo
1070 3023 1161 3096 deos
1189 3111 1192 3116 Ι
1352 3065 1366 3074 ν

86 3149 229 3247 patrios
254 3145 431 3222 seoretius
456 3154 495 3218 et
518 3147 599 3219 sine
613 3142 752 3217 arbitro
769 3144 993 3242 propitiasse
1008 3155 1161 3240 pmpter

88 3291 149 3342 eas
191 3285 341 3356 musas,
381 3285 472 3364 quas
510 3268 555 3339 in
588 3264 751 3340 seeunda
782 3263 914 3335 horum
947 3283 1160 3338 sermonum

87 3399 193 3485 parte
218 3386 431 3486 explicabo,
456 3397 589 3487 postea
615 3407 704 3462 vero
710 3437 724 3484 ,
751 3405 884 3481 qutun,
908 3380 1086 3456 Eleusine
1111 3381 1159 3454 ab

89 3507 377 3582 Atheniensibus
400 3503 649 3581 inditionem
673 3515 841 3603 recepta,
875 3504 1038 3600 primum
1062 3502 1162 3578 Atti-

89 3649 155 3701 eae
195 3627 338 3704 civibus
378 3628 582 3719 omnibns,.
610 3623 745 3700 deinde
784 3623 936 3697 Graecis
976 3623 1161 3698 universis

88 3749 196 3846 oopie
228 3749 330 3824 laeta
360 3759 457 3823 esset
488 3748 581 3822 haee
612 3769 717 3820 saera
743 3743 922 3833 obeundi,
962 3756 1043 3816 tum
1069 3763 1161 3816 vero

90 3879 236 3942 retenta
270 3880 329 3943 est
359 3868 539 3969 quaedam
574 3869 704 3940 secreti
736 3866 878 3964 speeies
910 3857 1163 3936 adtuendam

87 3991 296 4064 sanctitatis
323 3993 536 4089 opinionem
562 3989 768 4062 necessaria
794 3997 832 4060 et
857 3981 1040 4072 omnibus,
1067 4004 1162 4079 qnae

446 4099 454 4116 ⁶
934 4100 957 4174 5
