2917 4600
252 241 304 318 28
607 249 754 308 clunic
776 250 963 308 nuliius,

253 414 297 490 st
320 413 433 510 igitur
456 410 760 487 nonsummum
786 412 936 485 ariclmi
959 430 1078 508 neque
1102 422 1231 485 nostro
1256 431 1322 507 pc-

251 535 389 623 rioulo,
421 530 600 631 quidquid
634 553 797 630 unquam
830 530 878 605 de
914 530 991 604 ullo
1023 552 1154 624 genere
1182 544 1322 625 myste-

253 656 397 729 riorum
425 663 615 741 narratur,
652 650 694 724 id
729 663 882 750 propter
912 651 1076 724 nominis
1106 653 1320 725 societatem

253 774 304 850 ad
328 773 520 849 Eleusinia
543 771 742 845 transferre
766 772 952 863 volumus,
977 779 1059 845 tota
1082 771 1149 843 illa
1169 783 1323 845 tessera-

252 916 337 970 rum
363 905 402 969 et
425 890 679 988 symbolorum
703 893 870 967 inventio
897 889 1154 989 explodenda,
1179 892 1322 989 potius·

253 1037 325 1114 quc
357 1016 411 1088 sic
435 1011 672 1088 statuendum
700 1024 776 1103 est,
812 1011 969 1109 adytum
995 1010 1227 1085 Eleusiniam
1252 1034 1323 1085 sua

253 1135 371 1229 magis
403 1133 580 1228 religione
613 1154 723 1231 quam
758 1132 936 1205 custodiis
963 1142 1001 1204 et
1026 1130 1194 1205 excubiis
1220 1133 1323 1205 circi-

174 1289 177 1295 ·
253 1266 379 1330 torum
404 1263 542 1328 tectum
567 1250 694 1326 fuisse.
713 1251 781 1325 Et
802 1274 896 1351 quae
919 1250 1071 1325 tandem
1097 1264 1323 1343 consociat,

255 1397 320 1449 cnr
335 1428 340 1439 1
353 1373 434 1471 quis
468 1373 564 1446 clam
598 1384 636 1446 et
660 1372 789 1445 furtim
814 1350 1024 1469 surreperet
1048 1372 1324 1472 periculumque

253 1493 375 1569 adiret
397 1493 551 1566 minime
575 1494 833 1582 necessarium,
857 1514 970 1591 quum
996 1492 1256 1588 unusquisque,
1281 1500 1324 1563 nt

254 1611 610 1700 demonstrauimus,
627 1633 748 1686 sacra
776 1613 842 1686 ills
867 1614 1054 1710 suscipere
1078 1621 1205 1707 posset
1231 1623 1323 1683 tem-

253 1752 346 1831 pore
385 1744 424 1805 ct
461 1730 544 1803 loco
574 1731 765 1827 legitimo?
805 1753 919 1830 quum
950 1733 1027 1829 ipsi
1058 1732 1243 1830 peregrini
1275 1728 1322 1802 ab

251 1850 462 1950 hospitibus
494 1850 630 1950 quique
661 1853 738 1926 suis
772 1854 920 1926 nemine
951 1848 1323 1950 prohibente'initia-

252 1970 406 2047 renurrl
447 1966 567 2047 Credo
605 1969 648 2045 id
685 1972 914 2070 insperatum
956 1970 1120 2046 accidere
1157 1971 1222 2062 iis,
1260 1972 1324 2068 qui

252 2092 377 2165 nescio
409 2110 502 2188 quos
531 2088 761 2186 Theologiae
800 2094 1000 2167 esotericac
1031 2093 1223 2165 thesauros
1255 2087 1323 2164 sub

253 2213 349 2286 istis,
362 2210 532 2284 claustris
557 2209 711 2284 lantiam
736 2211 809 2287 sibi
834 2223 1105 2311 persuaserunt
1157 2208 1232 2284 Sed
1251 2231 1323 2298 res,

237 2334 288 2412 ‚si
320 2353 394 2430 qua
426 2330 518 2423 alia,
559 2341 695 2405 testata
728 2344 794 2407 est
834 2321 993 2429 'Lysias
1027 2335 1184 2407 amicam
1215 2351 1323 2403 suam

254 2451 420 2527 Athenas
444 2452 623 2527 incitavit
646 2453 711 2527 καὶ
741 2453 855 2538 αὐτὸς
876 2454 1051 2552 ὑπέσχετο
1072 2450 1229 2554 μυήσειν
1247 2449 1324 2522 De·

150 2649 156 2674 ¹
255 2571 390 2647 mosidi}
415 2593 445 2644 c
470 2570 600 2645 Ncacr.
629 2566 739 2642 1352.
754 2565 799 2669 [¹]
827 2572 872 2644 cf.
899 2574 1047 2666 Taylor.
1072 2573 1159 2666 Lys.
1185 2570 1259 2643 Vit.
1284 2591 1323 2667 p.

258 2688 344 2768 151.
369 2690 412 2765 Τ.
437 2688 501 2766 VI.
542 2686 755 2762 Andocides
779 2710 890 2779 vero,
922 2692 985 2788 qui
1011 2688 1192 2785 Corycum
1216 2688 1325 2762 fami-

256 2812 347 2887 liam
380 2807 597 2908 cognatione
629 2809 849 2904 attingebat,
884 2811 1010 2910 plures
1034 2811 1212 2906 initiavit:
1237 2808 1324 2911 τρία

107 2987 109 2996 ·
256 2933 328 3035 μὲν
349 2936 410 3031 ἔτη
430 2929 621 3031 ἐπιδημῶν
641 2930 711 3012 οὐκ
734 2932 884 3031 ἀσεβεῖν
905 2931 1031 3016 αὐτοῖς
1045 2928 1201 3010 ἐδόκουν
1212 2938 1323 3031 μυῶν

257 3052 329 3154 μὲν
354 3052 423 3130 τὸν
452 3050 619 3153 ἀδελφὸν
635 3044 690 3147 [⁶]
718 3053 771 3128 iu
794 3050 836 3128 di
858 3054 992 3137 ἄλλους
1010 3053 1136 3139 ξένους
1159 3055 1322 3151 ἐμαυτοῦ

257 3172 323 3252 καὶ
350 3171 472 3259 οὶςιών
498 3177 549 3259 sic
564 3170 622 3248 ud
645 3169 867 3251 Ἐλευσίνιον
887 3170 935 3245 de
959 3170 1071 3267 Myst
1097 3196 1133 3272 p.
1159 3169 1221 3244 64.
1270 3167 1322 3242 Μ.

216 3281 219 3285 “
257 3290 431 3366 Aurelius
462 3293 504 3364 in
534 3289 706 3389 Epistola
736 3291 895 3389 quadam
926 3291 977 3368 ad
1008 3290 1198 3368 Herodem
1227 3288 1323 3366 Acti-

259 3435 343 3488 cum
362 3435 423 3513 ap.
444 3411 613 3486 Philostr.
648 3409 722 3484 vic
746 3410 859 3513 Soph.
882 3415 928 3489 ss.
954 3414 1012 3489 12.
1037 3411 1208 3515 ηὐξάμην
1225 3441 1323 3513 μυη-

258 3523 392 3631 θῆνοιι·1
414 3538 468 3630 εἴη
495 3531 538 3610 δὲ
567 3540 636 3611 σοῦ
663 3545 1022 3640 μυσταγωγοῦντος,
1062 3533 1127 3607 ubi
1153 3532 1322 3606 Olearius

332 3734 489 3809 [qinein
505 3739 562 3791 Ans
563 3737 683 3807 gymrius
699 3736 1033 3809 meretricnlsmqurnauds
1055 3740 1149 3798 slav

186 3825 194 3841 ·
260 3808 374 3863 Deme.
352 3755 760 3896 cMidMSGSAEAristippua
777 3808 931 3897 EppoScr
902 3732 1244 3876 crlflllll'llcllllysstollrlom
1206 3753 1321 3861 etxan-

260 3878 712 3965 thipaeoargtufiliaminlra
694 3894 869 3952 αυμστηριοι
886 3896 963 3951 αεινγ
981 3815 1321 3942 cosrrrtituiyr'ttQ'ocsdh

278 3948 810 4023 cmprauiffmcwprrumcmtac
901 3959 911 3979 ’

332 4031 406 4107 [η
406 4036 536 4092 aroer.
553 4036 638 4094 neas
655 4035 815 4107 moccp
816 4034 901 4091 ,σο
