2917 4600
138 266 143 274 .
248 212 398 307 166k
564 206 954 278 Jnrsnnrnruus.

181 372 191 393 “
245 384 404 458 deinum
429 383 576 457 faciant
633 381 886 456 Perabsurdae
917 378 1026 455 nobis
1051 379 1226 457 videntur
1251 384 1318 479 hy-

245 503 510 603 perboreorunr
544 501 765 577 Scaldorom
798 503 1035 576 continuatae
1060 502 1318 578 translationes

245 638 283 698 et
313 625 412 723 tropi
445 626 486 697 io
519 626 728 720 aenigmata
761 634 958 715 exeuntes3
983 621 1240 717 intelliguntrn
1264 636 1319 699 ta-

161 756 170 763 ’
243 766 341 818 mon.
394 743 470 818 Sed
495 745 553 819 his
586 745 696 841 longe
727 743 941 842 perplexior
971 742 1162 817 Homerus
1193 744 1318 842 plane·

244 888 316 961 que
347 864 471 938 infans
496 865 588 957 fuit,
620 869 654 939 si
686 867 741 938 ita
772 866 923 962 scripsit
948 874 991 937 ut
1014 866 1112 937 inter
1136 865 1241 961 ipsos
1267 866 1319 939 al·
1360 886 1364 895 ·

243 985 423 1079 legoricae
448 987 601 1059 rationis
628 996 828 1059 sectatores
852 1007 929 1057 non
966 985 1089 1057 solum
1122 983 1170 1056 de
1204 971 1351 1059 totius'

243 1107 366 1203 operis
407 1103 555 1179 summis
592 1108 739 1181 infinita
779 1105 963 1178 dissensio
1002 1107 1072 1196 sit,
1105 1102 1171 1177 sed
1205 1127 1331 1204 saepe·

134 1206 143 1223 ⁹
244 1228 357 1298 etiarn
399 1225 521 1298 eidem
562 1225 712 1300 fabulae
754 1226 820 1299 alii
859 1225 971 1300 aliam
1007 1225 1206 1321 subjiciant
1237 1249 1320 1300 sen-

163 1386 165 1388 *
244 1348 416 1436 tentiam,
447 1345 487 1418 bi
519 1359 664 1437 autem,
698 1348 761 1444 qui
794 1347 1002 1419 maximum
1030 1345 1169 1419 habent
1198 1349 1319 1442 graeci

243 1468 424 1540 sermonis
450 1486 580 1555 usum,
606 1488 657 1539 ex
684 1464 857 1539 omnibus
882 1465 1025 1539 nullam
1050 1467 1218 1564 probent

681 1618 684 1629 t

712 1669 745 1768 §-
797 1670 860 1744 21.

342 1820 447 1896 Haec
477 1822 605 1929 paullo
638 1823 751 1897 latius
778 1820 956 1911 disserui,
981 1834 1041 1912 ut,
1067 1843 1183 1920 quum
1209 1824 1318 1897 intel-

242 1942 394 2044 lectum,
408 1941 538 2033 fuerit,
571 1966 644 2041 qua
676 1945 823 2016 ratione
847 1953 992 2018 veteres
1017 1943 1058 2019 in
1084 1942 1318 2042 explicandis

240 2042 376 2136 fabulis
407 2065 548 2139 versati
578 2067 672 2153 sint,
703 2061 791 2168 hinc
822 2061 870 2136 de
895 2064 1179 2169 cerimoniarum
1204 2068 1318 2140 sacri-

240 2182 401 2256 fiealium
426 2185 733 2281 interpretatione
753 2182 939 2279 judicium
962 2183 1043 2256 fieri
1064 2186 1194 2279 possit„
1219 2183 1317 2260 Nam

240 2305 274 2377 si
305 2302 463 2377 Homeri
498 2306 660 2378 carmina
693 2302 781 2377 ideo
815 2303 865 2379 ad
894 2303 1111 2398 allegoriam
1141 2318 1317 2382 revocata

241 2434 338 2511 sunt,
363 2446 412 2496 ne
436 2436 631 2521 poetarum
656 2426 830 2522 princeps
855 2426 897 2497 in
921 2422 1032 2496 rebus
1050 2427 1222 2500 maximis
1240 2441 1318 2500 tur-

230 2545 341 2639 piter
373 2565 516 2616 errasse
548 2541 740 2619 videretur
764 2544 998 2645 -Ὅμηρος
1022 2545 1098 2649 γὰρ
1122 2548 1317 2649 ἠσέβησεν,

241 2669 274 2738 al
302 2662 355 2763 μὴ
386 2661 611 2767 ἠλληγόρησε
629 2666 674 2761 [⁸]
701 2664 919 2761 -pariter
944 2662 1077 2737 Graeci
1103 2667 1199 2740 circa
1220 2669 1318 2742 ritus

241 2803 397 2856 avorum
422 2784 634 2880 patriasque
658 2784 854 2880 religiones
879 2782 1095 2857 laborarunt
1121 2797 1159 2859 ct
1183 2784 1317 2860 eadem

241 2901 288 2973 de
314 2924 436 2992 eausa,
461 2904 625 2999 primurn
650 2901 812 3002 nequid
838 2915 965 2977 contra
989 2906 1172 2979 rationem
1195 2906 1236 2978 in
1256 2925 1317 2977 sa·

151 3077 153 3080 v
241 3023 310 3094 eris
341 3023 421 3095 lieri
446 3022 657 3116 videretur,
693 3022 829 3098 deinde
859 3046 908 3096 ne
940 3021 1035 3123 quid
1056 3028 1136 3099 sine
1160 3025 1317 3098 ratione.

242 3141 453 3217 Macrobius
486 3143 613 3217 Somn.
645 3145 673 3217 Ι.
707 3146 744 3218 2.
770 3144 806 3218 8.
858 3143 1051 3219 Veritas
1076 3166 1157 3245 per
1183 3166 1317 3242 quoe·

241 3262 340 3335 dam
374 3265 643 3362 composita
675 3264 861 3337 atficta
893 3264 1137 3362 profertur
1163 3274 1207 3336 et
1230 3262 1318 3344 hoo

235 3382 332 3477 jam
357 3373 560 3460 vvocatur
585 3384 805 3461 fabulosa
829 3386 1045 3460 narratio
1071 3405 1161 3456 non
1185 3382 1316 3456 labu-

241 3501 305 3593 la,
338 3516 390 3576 ut
421 3518 530 3579 sunt
563 3505 928 3580 cerimoniarum
961 3525 1110 3593 sacra,
1149 3514 1199 3576 ut
1230 3501 1317 3577 He·
1403 3505 1408 3514 “
1440 3569 1443 3576 ,

241 3622 366 3697 siodi
392 3635 437 3697 et
455 3624 631 3724 Orphei
647 3647 771 3725 quae
795 3624 850 3698 de
875 3622 1063 3697 deorum
1087 3619 1332 3720 progenie

211 3824 215 3831 ,
242 3757 411 3821 actuve
436 3757 695 3821 narrantur.
720 3729 979 3819 Hierocles'in
1004 3755 1136 3842 quarto
1164 3742 1314 3816 del'ro-

243 3864 411 3940 videntia
435 3878 473 3940 et
486 3865 583 3940 Fato
608 3867 656 3943 τὰ
683 3864 863 3972 λεγόμενα
890 3860 996 3969 λόγια
1022 3866 1099 3943 καὶ
1122 3864 1234 3950 τοὺς
1255 3866 1313 3940 ἱε-

186 4054 188 4058 ·
312 4016 351 4086 [Ι]
370 4011 504 4086 Heracliti.
521 4018 606 4088 blleg.
623 4019 742 4074 Proocm.
1033 3987 1040 3992 ⁵
