2917 4600
247 166 324 241 360
386 158 389 163 ’
563 177 707 237 menn
731 146 996 235 ercns'ons.

246 338 450 437 tyrannim
481 335 677 425 familiari,
716 357 827 432 quem
860 334 995 408 Pollux
1021 333 1069 409 X
1102 334 1164 409 93.
1198 337 1318 408 nomi-

248 459 376 559 nat[].
427 459 637 531 Descensus
661 452 712 550 od
737 453 878 529 inferos
902 466 1092 529 auctorem
1120 454 1318 529 Prodicum

144 664 148 672 ¹
247 580 417 655 Samium
441 576 608 676 appellnt
620 572 812 664 Clemens,
836 574 1066 649 Herodicum
1089 576 1344 653 Perinthium

248 698 404 788 Suides,
428 720 496 771 neo
521 695 733 794 discrepare
759 695 951 788 videntum
989 721 1075 771 nom
1103 710 1141 800 et
1164 682 1321 770 nomino

248 817 397 892 Prodici
422 830 460 890 et
483 815 663 891 Herodiei
688 840 803 916 saepe
828 817 983 891 confuse
1005 819 1144 916 sunt[⁸]
1179 828 1217 889 et
1252 816 1320 889 Pe·

247 938 377 1013 rintlrii
391 937 505 1012 Semo
532 936 682 1010 dedneti
707 948 832 1027 erent,
859 935 957 1011 unde
971 938 1172 1012 Muellerus
1188 935 1236 1009 de
1253 935 1322 1010 Or·

249 1058 367 1133 ohom.
393 1082 430 1157 p.
459 1052 517 1135 18.
543 1058 789 1154 conjecturam
816 1047 933 1156 oepit,
965 1058 1063 1131 herne
1087 1080 1169 1132 esse
1194 1055 1322 1131 Prodi·
1372 1100 1383 1117 ·

249 1202 335 1253 eum
350 1179 643 1267 Phomeensem‚
668 1175 859 1270 Minyndie
883 1180 1102 1276 scriptorem
1112 1180 1166 1274 [Ἴ.
1186 1182 1190 1187 ’
1216 1176 1322 1251 Idem

250 1322 399 1373 oormen
438 1300 625 1398 Epigenes
665 1293 823 1395 Ceroopi
862 1296 1010 1389 tribuit,
1048 1298 1218 1372 naseam
1254 1296 1319 1371 Or·
1441 1348 1443 1351 ψ

135 1422 141 1427 ’
251 1398 368 1520 pheo,
396 1440 504 1517 quem
530 1429 660 1507 vocet,
688 1414 957 1510 camarinensi,
987 1440 1108 1515 neque
1132 1438 1219 1515 spes
1245 1417 1324 1491 ulla

250 1537 404 1637 superui
429 1559 480 1612 ex
505 1539 575 1612 hec
600 1548 706 1611 terite
730 1547 770 1610 et
794 1562 917 1613 rerum
951 1537 1175 1612 obscuritate
1207 1549 1246 1611 et
1270 1549 1324 1612 te

125 1672 129 1675 *
250 1661 366 1733 stium
388 1658 618 1732 dissensione
634 1656 835 1755 quidquam
858 1660 949 1733 omui
974 1679 1206 1732 emersurum
1231 1680 1323 1732 esse.

251 1777 371 1852 Miror
400 1788 529 1852 temen
554 1776 654 1850 unde
683 1759 883 1852 Kiroherus
914 1801 959 1851 ea
983 1781 1185 1876 acceperit,
1229 1800 1326 1876 quoe

252 1896 300 2001 de
333 1897 521 1983 nonnullis
552 1899 684 1972 horum
716 1898 898 1973 librorum
929 1911 1057 1974 narret
1074 1900 1130 2000 „iu
1162 1898 1326 1997 Sphinge

251 2017 409 2116 Mystsg.
434 2041 472 2116 p.
501 2016 585 2093 150.
610 2019 788 2111 „Primus
814 2042 860 2092 ex
878 2018 1034 2093 Graecis
1056 2017 1327 2117 Aegyptiomm

252 2132 488 2239 „disoipulus
514 2138 587 2213 fuit
613 2137 784 2238 Orpheus
809 2142 908 2215 lilius
936 2139 1090 2235 Oeagri,
1124 2151 1169 2212 ut
1195 2138 1327 2212 distin·

252 2272 415 2358 „guntur
440 2260 516 2350 illi,
553 2262 619 2359 qui
642 2258 917 2359 Argonautieae
949 2250 1179 2360 expeditioni
1206 2258 1329 2332 adfuit

253 2394 322 2475 „et
347 2381 394 2456 eh
421 2401 487 2469 eo,
526 2384 592 2479 qui
623 2384 768 2481 primus
801 2382 1005 2483 paederote
1041 2380 1179 2454 docuit,
1231 2379 1328 2454 Seri·

168 2598 176 2603 -
254 2504 364 2602 „psit
386 2499 612 2603 τριασμούς,
637 2495 896 2593 hierosolimis,
923 2498 1141 2592 Cosminos,
1166 2499 1329 2574 Neoteu-

254 2623 395 2715 „ticos,
427 2642 502 2694 uua
528 2642 612 2694 cum
639 2619 865 2712 discursibus
890 2624 1023 2716 sacris,
1058 2624 1122 2720 qui
1153 2632 1329 2719 tamena

254 2739 506 2840 „quibusdam
540 2740 792 2816 attribuuntur
818 2740 1035 2846 Theogniti,
1069 2742 1116 2815 ab
1150 2743 1233 2815 eliis
1260 2737 1330 2812 Ge-

255 2864 408 2961 „eropi,
434 2861 483 2936 de
509 2862 685 2952 omoulis,
711 2859 759 2935 de
775 2853 966 2960 soulpturs
980 2859 1166 2960 lepidum,
1192 2859 1329 2933 librum

257 2979 548 3085 „Xoptopoirwv
572 2992 639 3081 τῆς
664 2982 825 3087 ὑγιείας,
863 3004 974 3080 quem
1007 2982 1143 3057 librum
1169 2981 1330 3055 Theme-

134 3114 138 3121 '
257 3101 362 3192 „eles
387 3113 426 3176 et
440 3102 616 3199 Perginus
642 3104 700 3176 eni
722 3104 820 3198 juris
846 3103 986 3176 faciunt
1010 3145 1062 3159 -
1087 3123 1202 3201 porro
1228 3102 1332 3175 thro·

130 3365 136 3378 .
327 3335 366 3407 [u]
386 3335 523 3391 Hsrlesiue
540 3338 609 3393 huno
625 3353 682 3392 m
698 3337 805 3391 llubulo
822 3336 920 3390 eomieo
937 3336 1073 3391 eonfnndit
1090 3335 1125 3391 sd
1142 3337 1223 3391 Febr.
1242 3335 1278 3388 Τ.
1295 3333 1331 3388 ll.

258 3405 318 3462 473.
336 3426 363 3461 v.
380 3408 533 3463 Schneider.
551 3409 585 3488 §d
603 3409 713 3466 Ariston
732 3407 811 3461 Polio.
828 3427 855 3479 p.
873 3407 916 3462 59.

255 3573 306 3628 Μ
327 3504 366 3575 [¹]
384 3504 518 3593 &fluuius
542 3504 631 3576 Epire
657 3502 691 3557 ad
713 3503 861 3560 Hemsterh.
879 3521 905 3576 p.
923 3499 966 3556 84.
985 3500 1104 3556 dehoc
1120 3501 1268 3556 Pereino
1286 3498 1333 3552 oi-

280 3593 289 3630 ι
325 3592 480 3646 comperi.

328 3672 367 3741 [⁸]
386 3690 412 3726 v.
430 3672 487 3725 Ast.
505 3670 540 3724 ed
557 3667 627 3722 Piae
645 3668 710 3741 Rep.
727 3689 755 3742 p.
773 3666 834 3724 465.

326 3757 498 3838 [quemn.
524 3764 572 3819 lv.
596 3761 638 3818 83.
663 3764 689 3816 7.
705 3757 746 3819 ’τὰ
763 3767 792 3826 ἔς
807 3764 857 3832 τὴν
874 3759 1007 3817 Μινυάδα
1025 3762 1078 3829 ἔπη
1095 3762 1210 3814 feruere
1227 3762 1334 3814 foenus

257 3835 285 3897 n
304 3836 352 3898 τὰς
369 3833 531 3904 Minoidos,
556 3834 665 3904 Minyae
687 3835 772 3901 nun,
797 3841 905 3906 propter
928 3831 1034 3886 deornm
1051 3829 1334 3886 eontentemeelems

257 3905 625 4030 sgpplliipi'ptpnepiittpe'gmqtuod
649 3906 724 3960 urdoe
748 3905 868 3959 eonvenit
891 3919 949 3956 eon
970 3903 1019 3969 iis,
1044 3919 1111 3973 quse
1129 3902 1164 3956 de
1179 3909 1334 3971 uguneom
