2917 4600
467 235 811 306 annuerunt.
1123 217 1170 297 81

97 385 254 491 ΜΗ.
318 391 360 465 Si
377 407 484 466 ¹vero
505 395 691 490 negamus
719 392 906 489 Aeschylo
917 396 1173 471 *criminosum

100 512 234 602 fuisse,
257 510 359 610 quod
384 515 495 585 ceteri
521 513 677 609 Tragici,
703 515 804 612 quod
829 516 946 588 multo
973 528 1057 588 ante
1075 516 1173 610 Phyfv

101 633 191 719 sici,
226 631 326 728 quod
349 633 482 731 paullo
515 645 602 730 post
620 634 744 707 Stoici
770 637 851 706 sine
877 635 1090 730 cujusquam
1117 636 1174 709 of·

102 750 273 822 iensione
298 750 480 841 fecerunt,
505 775 581 827 non
607 756 781 826 continuo
808 754 878 825 hoe
902 756 1039 847 negotii
1061 757 1174 828 susei-

103 871 250 966 pimus,
284 880 327 943 ut
358 894 506 945 mursam
537 875 658 968 ipsam
686 874 953 944 criminationis
977 871 1176 969 patefacia-

104 1009 202 1060 mus.
260 985 321 1057 De
362 1007 436 1082 qua
474 985 617 1064 veteres
655 992 742 1084 ipsi.
761 1000 908 1084 praeter
939 989 1177 1063 Aristotelem

104 1102 261 1197 ejsuque
291 1103 508 1176 auditorem
533 1106 626 1177 nihil
658 1106 908 1202 exploratum
921 1105 1095 1179 habuisse
1116 1109 1178 1181 vi·

106 1219 250 1292 dentur.
300 1222 339 1295 ls
372 1232 496 1296 autem
528 1222 682 1296 liberam
716 1225 842 1299 nohis·
858 1227 1032 1323 relinquit
1058 1226 1178 1319 conje-

106 1351 269 1429 cturam,
302 1352 426 1414 utrum
460 1341 684 1437 Aeschylum
719 1343 862 1440 aliquid
887 1344 1031 1420 dixisse
1055 1346 1096 1416 in
1121 1343 1198 1438 itt·-

106 1458 209 1549 bula,
233 1457 334 1557 quod
357 1459 463 1534 idem
484 1463 524 1533 in
549 1464 737 1557 mysteriis
763 1461 955 1551 diceretur,
981 1485 1029 1535 an
1044 1475 1178 1537 actum

107 1577 291 1676 quendam
316 1581 519 1653 solemnem
544 1585 584 1655 in
601 1604 711 1655 scena
726 1583 959 1655 assimulasse
974 1580 1176 1675 credaruus.
1270 1639 1274 1644 .

107 1698 203 1772 Mihi
235 1696 384 1795 quidem
419 1701 510 1773 haec
542 1703 653 1774 ratio.
666 1701 716 1774 ad
741 1704 937 1775 veritatem
959 1704 1177 1798 propensior

105 1816 275 1905 videtur,
300 1840 377 1891 nec
407 1822 534 1917 inepta
553 1819 615 1894 ad
649 1823 932 1918 explicationem
965 1822 1059 1894 alius
1093 1821 1177 1896 cau·

107 1961 171 2012 sae
197 1937 443 2012 amatoribus
457 1939 682 2029 decantatae,
703 1964 781 2039 qua
796 1940 896 2014 idem
913 1953 1037 2037 poeta,
1064 1963 1177 2039 quum
1203 1986 1205 1990 «
1315 1942 1317 1946 ’

107 2058 240 2131 Furias
280 2056 456 2159 doceret,
485 2063 695 2158 implicatus
726 2073 792 2134 esc
824 2083 861 2135 v.
894 2060 1095 2133 Hermann.
1130 2059 1176 2133 dc

109 2175 231 2251 Chore
264 2177 419 2249 Eumen.
451 2180 497 2250 ll.
530 2205 567 2278 p.
591 2183 660 2254 21.
686 2181 810 2254 Nam
830 2161 932 2276 quod
957 2179 1068 2270 vulgo
1094 2200 1178 2249 nar-

107 2310 193 2371 rant
210 2294 264 2369 ¹de
290 2309 429 2372 temore
453 2303 691 2399 puerulorum
703 2301 747 2397 [ί]
775 2312 813 2371 et
832 2296 880 2369 de
900 2309 1007 2370 aucto
1025 2295 1178 2369 dearum
1216 2370 1220 2375 .

107 2440 275 2508 numero,
300 2419 456 2491 alterum
481 2419 692 2493 fabulosum
720 2430 795 2507 est,
827 2417 984 2490 alterum
1010 2437 1085 2488 non
1110 2437 1179 2512 po·

110 2540 187 2610 tuit
216 2538 254 2608 in
287 2539 426 2645 odmen
457 2541 590 2613 vocari·
603 2535 648 2637 [A]
683 2524 803 2634 neque
828 2536 1032 2629 Aeschylm
1057 2537 1200 2609 victorv

107 2658 357 2755 pronunciari,
383 2659 427 2745 si,
447 2670 489 2730 ut
506 2657 723 2732 Heraclides
742 2670 880 2745 narrat,
905 2680 1024 2754 prope
1037 2655 1178 2729 factum

106 2789 152 2850 ut
184 2774 427 2866 occideretur3
460 2777 560 2873 quod
592 2781 631 2850 in
656 2780 742 2875 ipso
767 2776 914 2850 fabulae
940 2774 1093 2849 exordio
1120 2797 1178 2846 ae·

106 2895 243 2970 cidisse
269 2918 351 2968 cum
376 2912 522 2971 summa
547 2901 661 2970 totius
679 2896 885 2993 spectaculi
901 2894 1177 2992 perturbatione
1192 2894 1215 2925 ¹

107 3014 333 3121 sumendum
375 3029 448 3105 est,
490 3019 523 3089 si
554 3015 778 3089 Heraclidae
802 3017 983 3102 narratio,
1017 3027 1059 3087 ut
1093 3016 1176 3089 viro

105 3136 427 3236 praestantissimo
453 3138 594 3224 visum5
615 3134 665 3207 ad
689 3133 917 3207 Eumenides
942 3145 1092 3230 spectat.
1135 3133 1177 3205 Si
1282 3200 1287 3209 ,

106 3279 199 3332 vero
238 3255 308 3327 illa
347 3254 657 3351 Areopagitarum
697 3276 837 3350 pompa
871 3253 968 3326 faces
1007 3251 1176 3325 ardentes

107 3375 396 3474 praeferentium
423 3385 461 3446 et
475 3376 671 3449 Furiarum
686 3374 863 3446 solemnis
877 3370 1049 3445 deductio
1065 3372 1176 3445 Eleu

193 3521 220 3594 ff]
238 3544 264 3577 v.
281 3525 408 3596 Epimetr.
425 3525 475 3577 ΠΙ.

101 3662 105 3667 ἡ
198 3596 222 3665 ι]
248 3595 322 3647 Cori.
345 3597 437 3649 iuven.
460 3596 509 3647 111.
533 3593 592 3647 175.
627 3610 797 3663 personae
832 3591 1005 3662 pellentis
1043 3593 1176 3647 hiatum

107 3668 150 3720 In
167 3667 296 3734 gremio
314 3666 434 3719 matris
454 3666 624 3718 tormidet
641 3664 797 3716 rusticus
814 3663 938 3714 iulans.

182 3731 221 3805 [¹¹]
238 3736 332 3788 Plures
349 3753 425 3805 quam
443 3736 607 3787 treslt'urias
623 3732 763 3801 Euripides
780 3732 879 3784 inducit
901 3732 987 3801 Iphig.
1005 3730 1039 3782 T.
1058 3728 1117 3781 970.
1134 3729 1176 3782 bi·

106 3823 157 3860 nas
174 3814 357 3859 consecrarunt
375 3805 542 3857 Athenienses
560 3803 647 3856 Schol.
666 3803 732 3855 Oed.
750 3802 792 3855 42.
811 3802 873 3854 Sine
891 3801 968 3854 dubio
992 3801 1100 3851 liberum
1116 3798 1176 3864 iuit,

107 3883 174 3947 quot
191 3876 248 3944 quis
264 3876 478 3939 vehementiae,
495 3876 597 3939 Horas,
614 3872 703 3926 Musas
719 3872 901 3935 introducere;
925 3884 1070 3940 quanquam
1087 3876 1175 3921 terne-

106 3947 176 3999 rimu
193 3962 322 3999 numerum
340 3952 432 4015 poetae
448 3952 476 3998 et
491 3946 596 3998 lictores
612 3950 748 3996 tenuerunt
765 3949 793 3994 ut
810 3941 937 4011 colloquio
954 3936 1076 3992 struendo
1095 3946 1122 3995 et
1133 3956 1173 3991 re-

106 4019 159 4070 bus
175 4016 282 4085 agendis
298 4015 464 4086 aptissimum.
949 4079 975 4152 ⁶
