2917 4600
464 302 467 306 .
529 229 800 288 6666166.
887 318 895 332 .
1125 216 1198 291 765

134 411 213 466 esse
239 390 486 476 demonstrat,
517 387 585 460 bos
617 398 741 459 autom
775 367 985 460 ventorum
1003 388 1110 462 flatus
1143 415 1199 463 re·

0 598 1 603 Ἰ
133 533 234 605 gero3
285 489 494 606 quanquam
540 517 686 604 poterat
733 506 845 578 etiarn
892 506 961 588 bon
1006 509 1136 595 afferre
1176 535 1199 584 a

133 629 296 706 6661666
336 638 517 726 tontum,
549 628 588 700 io
622 622 779 702 Conviv.
822 649 858 723 p.
890 624 952 699 66.
986 625 1027 703 Τ.
1061 628 1126 704 111.
1159 634 1197 705 16

132 747 280 822 Anaeeo
322 759 412 823 vota
450 769 519 844 pro
558 747 772 844 nuptiarum
812 767 979 820 66666666
1022 763 1198 848 consepta

133 891 224 943 esso.
282 865 420 942 Verum
458 866 530 940 666
569 853 836 940 Diosourorum
871 877 910 938 ot
945 865 1196 968 Tritopatrum

132 984 395 1062 similitudines
432 986 609 1060 fortuitae
647 998 734 1058 sunt
774 996 812 1056 et
845 986 1073 1080 levissimae3
1111 1012 1198 1068 nam

134 1108 272 1182 Aeolus
311 1129 457 1205 quoque
496 1118 534 1179 et
573 1103 626 1178 dii
663 1104 798 1178 marini
840 1126 967 1181 omnes
998 1118 1196 1186 ventorum

2 1255 6 1268 ·
132 1229 329 1326 imperium
354 1226 507 1316 habeut3
532 1222 797 1300 dissimilitudo
817 1235 941 1302 autom
962 1228 1059 1301 inter
1078 1240 1198 1304 utros-

2 1381 3 1390 *
133 1369 205 1444 qus
235 1348 410 1422 maxima
456 1327 568 1435 'Quid
598 1346 698 1418 enim
729 1345 894 1418 omnium
927 1367 1022 1442 qnae
1054 1347 1102 1422 de
1127 1347 1197 1423 Ca·

133 1478 276 1542 storum
301 1478 404 1556 ortu,
430 1488 602 1556 numero,
628 1465 734 1553 fatis,
759 1463 901 1539 artibus
926 1476 964 1537 et
983 1468 1196 1543 munoribus

132 1585 284 1686 prodita
307 1599 412 1676 sunt,
438 1588 611 1663 convenit
635 1584 711 1660 illis
733 1582 834 1658 Solis
855 1583 1061 1684 Terraeque
1085 1589 1196 1664 1111161

134 1703 233 1796 Quid
266 1706 440 1803 ngroos,
476 1706 565 1805 quid
596 1704 787 1779 Eubuleus
820 1715 858 1778 et
889 1705 1079 1800 Dionysus
1111 1732 1194 1783 oum
1232 1699 1236 1704 ’

131 1828 190 1901 616
223 1847 416 1901 commune
449 1837 488 1900 et
519 1826 753 1923 conjunctum
785 1823 946 1898 habenti
983 1824 1065 1901 Nisi
1099 1828 1196 1903 forto

130 1933 253 2048 planet
277 1943 461 2043 ejusmodi
492 1945 779 2040 argumentatio:
811 1955 916 2036 sunt,
949 1948 1013 2045 qui
1037 1947 1208 2024 Dioseu

130 2069 183 2144 ris
216 2062 393 2140 (16666666
424 2085 560 2138 nomen
593 2064 777 2154 tribuant,
810 2060 962 2139 Curetes
986 2085 1078 2140 vero
1103 2090 1194 2143 nou-

131 2208 317 2285 nunquam
342 2207 425 2261 oum
451 2181 595 2259 Cabiris
621 2183 904 2276 oonlimduntur‚
928 2185 1025 2258 inter
1042 2186 1111 2262 hos
1130 2211 1195 2263 au·

31 2334 35 2343 ·
133 2320 209 2383 tem
234 2330 330 2383 unus
356 2320 424 2399 est,
450 2329 559 2405 quem
583 2306 752 2380 nonnulli
775 2305 985 2400 Dionysum
1011 2308 1194 2409 interpre-

132 2439 267 2517 tantur,
293 2429 358 2526 qni
383 2432 464 2526 ipse
483 2425 673 2501 Eubuleus
693 2425 828 2501 dieitur
847 2437 885 2500 et
904 2426 1082 2523 Zagreus3
1107 2453 1193 2527 ergo

131 2550 256 2647 itaque
293 2548 383 2620 6666
424 2546 677 2645 Tritopatrurn
714 2549 796 2624 sive
828 2547 1094 2623 Diosonrorum
1128 2573 1194 2623 no-

130 2670 232 2744 mina
264 2646 378 2741 fuisse
410 2668 629 2743 sumendum
662 2679 728 2743 est
779 2668 925 2742 Athos
949 2668 1061 2742 modo
1088 2692 1192 2765 urgu-

130 2787 287 2863 mentari
318 2788 439 2865 solent
470 2789 516 2879 ii,
554 2791 617 2887 qui
649 2787 846 2873 lectoribus
879 2790 1036 2861 incautis
1068 2788 1192 2864 fucum

130 2909 250 2983 faeere
281 2908 444 3005 eupiunt.
501 2907 683 3005 Epoidem
718 2929 853 2981 nomon
878 2907 1076 3002 Zagreus
1103 2912 1192 3006 quin

129 3052 220 3106 vere
244 3026 291 3100 ab
316 3025 596 3100 Hemstorhusio
622 3028 883 3125 interpositum
909 3029 976 3116 sit,
1000 3027 1101 3103 haud
1127 3029 1193 3105 du·

131 3147 342 3235 bitaverim,
368 3143 480 3244 idque
505 3147 544 3220 in
569 3147 635 3220 illo
659 3148 745 3245 ipso
772 3147 1106 3248 Tritopatreus
1133 3173 1193 3224 oo·

131 3269 227 3343 oulte
258 3264 520 3363 comprehendi
549 3279 661 3366 puto,
695 3266 795 3341 unde
827 3270 860 3341 si
885 3281 1092 3366 postremas
1117 3272 1192 3364 syl·

130 3386 236 3461 lebas
266 3385 458 3476 6661616616,
492 3400 641 3485 superst
673 3386 826 3476 Trito,
859 3409 931 3486 quo
957 3389 1192 3463 1661666666-

131 3516 233 3581 resto
267 3507 360 3581 6666
392 3504 569 3580 efficimus
601 3506 839 3580 sententiam:
870 3504 1065 3582 loveet
1089 3498 1192 3582 Pro

133 3612 321 3724 serpina
344 3628 444 3701 nati
470 3624 619 3717 Brito;
644 3624 685 3697 id
711 3634 836 3699 666616
862 3626 1104 3725 Proserpinae
1130 3627 1191 3702 vel

131 3746 296 3821 11666666
333 3764 536 3841 eogrromen
574 3745 708 3835 luisse,
749 3744 869 3842 colligi
914 3744 1190 3845 quodammodo

130 3878 256 3966 potest
293 3887 340 3939 ex
374 3865 457 3956 bis,
501 3888 595 3965 quoe
628 3865 870 3942 Grammatiri
901 3865 948 3940 de
980 3864 1190 3941 nominibus

132 3984 383 4090 Βριτόμαρτις
420 3995 459 4058 ot
496 3983 716 4084 Μελιτῶδης
748 3988 998 4085 praecipiunt,
1030 3972 1189 4097 616116-
1239 4006 1274 4097 z*
