2917 4600
99 260 104 273 ,
170 194 179 205 ”
246 194 322 273 ⁵12
566 212 710 269 ursus
735 216 997 289 sscusuus.

450 411 488 423 -
534 410 573 423 --
619 408 657 423 -
701 367 762 436 ὕπὸ
781 372 861 455 Ζηνὶ
882 376 1035 459 Κρονίωνι

331 473 494 543 ἀθάνατον
512 477 610 543 αἰῶνα
628 480 732 557 λαχεῖν
749 479 906 560 καθαροῖο
923 480 1039 565 peruios
1297 494 1323 535 s„

330 581 381 644 καὶ
399 579 504 663 δειρὰς
517 581 632 661 χαίτας
649 574 800 656 εὐώδεας,
822 575 896 642 nott
912 603 943 643 τι
962 575 1048 665 τόνγε

329 680 444 767 γήραος
462 679 626 765 ἠπεδονοΐο
644 676 808 767 μιγήμεναι
827 678 922 746 ἄνθεϊ
939 685 1046 771 λευκῷ,

330 783 409 848 ἀλλὰ
428 787 496 877 περὶ
515 779 716 870 κροτάφοισιν
733 780 811 864 ἔχειν
828 781 973 870 ἐριθηλέα
993 781 1116 869 idme.

246 928 320 1006 Hic
345 931 458 1027 igitur
482 930 589 1005 locus
615 953 699 1005 eum
732 932 943 1030 superiore,
982 956 1091 1031 quem
1125 954 1172 1007 ex
1198 932 1319 1011 Schol

243 1050 402 1127 Hesiod.
427 1050 607 1151 produxi,
644 1073 877 1151 nequaquam
904 1051 1166 1146 conferendus,
1202 1077 1320 1154 neque

245 1172 302 1249 ex'
323 1170 458 1248 eodem
489 1174 652 1247 carmine
684 1183 829 1247 sumtus
863 1172 1023 1251 videtur.
1071 1172 1242 1274 Namque
1273 1176 1318 1247 il·

243 1291 306 1385 lic,
333 1292 399 1367 ubi
413 1292 584 1393 Orpheos
611 1292 815 1389 degenere
840 1316 955 1367 aureo
982 1308 1020 1367 ct
1045 1309 1217 1391 argenteo
1243 1295 1317 1371 dis·

244 1415 378 1505 seruit,
404 1415 471 1488 vix
496 1412 639 1503 dubito,
666 1416 755 1512 quin
782 1436 892 1488 omne
917 1418 1157 1513 praeteritum
1183 1426 1316 1492 aevum

244 1536 286 1609 iu
311 1533 422 1633 plura
452 1530 688 1631 descripserit
719 1536 843 1632 spatia
877 1548 915 1609 et
940 1535 1096 1609 deorum
1127 1539 1168 1609 in
1200 1536 1317 1637 impe·

244 1655 303 1727 rio
330 1654 580 1727 successiones
606 1651 812 1739 tradiderit
863 1652 949 1728 Hoc
973 1668 1097 1730 autern
1124 1655 1205 1729 loco
1231 1679 1313 1729 eum

245 1772 294 1846 de
327 1771 542 1862 beatorum,
594 1775 658 1870 qui
693 1773 764 1847 sub
797 1798 882 1870 rege
914 1774 1076 1850 Saturno
1109 1776 1148 1881 ip
1178 1775 1314 1869 Elysiis

244 1893 433 1984 habitant,
465 1906 648 1994 perpetua
668 1894 869 1990 juveutute
895 1910 933 1968 et
958 1897 1087 1970 ceteris
1112 1894 1314 1969 commodis

246 2012 379 2088 eedem
412 2014 491 2089 iere
523 2012 759 2115 praedicasse
791 2014 970 2107 arbitror,
1006 2038 1101 2114 quae
1127 2015 1173 2088 ab
1200 2017 1313 2089 omui-

245 2135 316 2209 bus
352 2135 561 2245 praedicari
597 2135 737 2209 solent:
773 2136 881 2215 Ὅσοι
919 2137 959 2213 d'
997 2133 1205 2236 ἐτόλμασαν
1238 2135 1309 2212 ἀπὸ

243 2252 404 2358 πάμπαν
438 2257 583 2336 ἀδίκων
617 2260 712 2356 ἔχειν
747 2255 899 2358 ψυχάν,
937 2260 1078 2336 ἔτειλαν
1103 2257 1192 2344 Διὸς
1223 2255 1311 2334 ὁδὸν

244 2379 349 2479 παρὰ
374 2376 526 2477 Κρόνου
552 2376 686 2481 τύρσιν
713 2387 782 2451 etc
833 2375 938 2452 Piud.
966 2377 1024 2450 ΟΙ.
1050 2377 1096 2450 ll.
1132 2379 1214 2452 123.
1249 2376 1311 2452 ubi

246 2495 472 2572 scholiastes
505 2498 594 2586 Διὸς
626 2497 721 2578 ὁδόν
756 2501 1020 2598 interpretetur
1053 2500 1102 2597 ἢν
1134 2499 1258 2586 ἔταξεν
1290 2496 1310 2576 ὁ

244 2614 361 2709 Ζεύς,
388 2640 522 2716 quarn
547 2617 736 2718 Jupiter
761 2621 865 2717 pios
891 2641 1147 2692 commeare
1166 2618 1311 2718 jubet,
1370 2651 1380 2668 =

244 2736 345 2812 unde
370 2741 538 2839 suspicor
567 2741 635 2815 illa
660 2763 809 2839 quoque
841 2739 1064 2837 depictum
1088 2740 1262 2839 praemiis
1288 2757 1311 2810 a

244 2856 340 2936 Jove
366 2862 576 2936 constitutis
602 2860 702 2935 dictu
727 2884 809 2935 esse
834 2860 899 2933 tali
924 2850 1002 2931 fere
1026 2857 1158 2933 modo:
1222 2957 1226 2966 ι

330 3016 423 3086 Τοῖσι
441 3010 538 3079 πάλαι
555 3015 712 3102 πέπραται
731 3009 792 3080 ὑπὸ
811 3010 915 3097 Ζηνὸς
932 3013 1110 3099 Κρονίωνος

330 3111 493 3206 disiectos
511 3116 609 3184 aluiso
629 3117 728 3200 eipso
751 3154 790 3165 -
1098 3211 1102 3220 ,

245 3263 284 3325 et
318 3262 439 3328 caera
474 3253 522 3329 ed
557 3259 827 3358 praescriptum
864 3252 1072 3330 Hummrni
1107 3255 1180 3332 nisi
1213 3249 1311 3353 quod

243 3371 317 3448 hoc
340 3371 506 3451 admisso
536 3378 576 3452 in
600 3401 715 3454 versu
741 3377 851 3452 tortio
877 3398 1085 3475 ριοοοαιεα
1109 3386 1184 3454 αα,
1198 3374 1309 3471 purti-

244 3494 384 3595 cipiunr
415 3496 560 3595 plurale
591 3496 849 3573 sufficiendum
887 3497 968 3570 erit
1018 3495 1164 3576 Proculi
1197 3491 1310 3572 veros

244 3613 293 3691 sd
317 3612 464 3703 τούτοις
488 3618 601 3717 ὅμοια
625 3615 864 3696 διατάττεται
889 3619 974 3716 περὶ
1007 3626 1076 3696 τοῦ
1101 3621 1197 3693 θεοῦ
1221 3610 1306 3692 τού-

244 3759 314 3811 του
352 3744 527 3812 teststom
567 3738 707 3812 faciunt
743 3747 895 3835 poetam
930 3738 970 3809 in
1012 3731 1308 3809 antecedentibus

132 3854 135 3858 ’
244 3852 307 3926 vol
343 3857 581 3954 sequentibus
616 3857 664 3930 de
701 3856 864 3931 Sammo
907 3855 1127 3931 coelestibus
1159 3852 1308 3952 qrridem'

244 3969 394 4049 sedibus
420 3974 578 4079 deprdw
612 3974 680 4053 sed
713 3975 762 4051 ad
793 3998 907 4072 regns
930 3977 1062 4073 Elysia
1089 3985 1223 4054 'evecto
1254 3969 1307 4045 lo'
1393 4047 1403 4065 ,
