2917 4600
243 211 316 287 19ss
349 296 351 301 ,
596 219 740 275 ursus
766 219 955 275 narnus.
1079 246 1086 257 ι

241 383 466 483 antiquiores
509 377 684 476 Antipho·
723 389 761 451 et
807 379 1074 468 Philochorus,
1127 383 1318 480 aruspices

239 504 494 578 Athenienses.
545 499 692 573 Horum
714 499 831 596 aliqui
850 499 1011 573 rorasse
1029 497 1230 573 sacerdotii
1249 502 1316 575 ho-

238 646 330 697 nore
362 620 525 695 contenti
562 621 756 693 scientiam
791 643 868 694 uon
902 620 1064 717 professi
1098 632 1224 710 sunt,
1248 621 1315 694 sed

237 742 338 818 haud
371 741 482 839 pauci
513 741 662 838 scriptis
695 741 774 813 suis
806 738 1041 838 disciplinam
1074 742 1313 814 sacrificalem

237 874 285 936 ct¹
298 862 537 959 antiquitates
561 881 685 943 rerum
707 858 920 935 divinarum
945 859 1198 934 illustrarunt*
1228 862 1312 935 Phi-

235 983 407 1057 loclrorus
433 980 482 1053 de
506 981 693 1054 sacrificiis
719 982 885 1078 scripsit3
911 978 1096 1053 Nicander
1119 992 1199 1055 tum
1226 1005 1312 1076 gen-

235 1105 330 1178 tium
356 1102 575 1198 urbiumque
603 1101 762 1194 origines
787 1112 973 1174 scrumms
1000 1111 1058 1173 est
1089 1113 1170 1207 tum
1195 1101 1311 1174 histo

233 1224 329 1296 riam
355 1221 588 1295 oraculorum
615 1222 869 1311 concinnavit3
907 1221 1105 1312 Proculus,
1137 1221 1310 1295 Nicoma-

117 1332 120 1345 ’
235 1344 294 1417 ehi
328 1344 531 1440 interpres,
569 1342 879 1414 commentarium
894 1334 897 1340 ⁴
914 1339 962 1414 de
994 1342 1199 1441 Theologia
1231 1341 1307 1415 edi-

233 1461 301 1551 dit,
325 1464 490 1558 itemque
507 1458 554 1531 de
569 1457 698 1532 fabula
715 1458 928 1551 Pandorae3
952 1461 1150 1560 Apollonii
1161 1461 1308 1560 Aphro-

173 1586 175 1591 ’
232 1581 403 1655 distensis
428 1579 524 1653 liber
548 1578 620 1650 fuit
644 1579 730 1679 περὶ
749 1580 916 1680 Ὀρφέως
950 1583 1015 1659 καὶ
1046 1591 1126 1660 τῶν
1150 1592 1308 1661 τελετῶν

231 1702 361 1779 αὐτοῦ.
413 1698 612 1773 Arrianum
644 1700 684 1771 iu
718 1709 877 1796 utruque
914 1722 1028 1799 opere
1052 1725 1178 1775 rerum
1205 1702 1306 1777 divi-

229 1842 362 1895 narum
400 1821 639 1917 antiquitates
673 1829 850 1893 tractasse
888 1830 968 1895 tum
1000 1822 1154 1896 Photius
1192 1832 1305 1895 testa-

229 1950 309 2028 tur,
333 1950 414 2012 tum
442 1962 488 2012 ex
512 1940 579 2028 iis,
611 1960 706 2035 quae
732 1951 950 2036 supersunt,
981 1940 1143 2038 J'udicari
1167 1954 1303 2038 potest.

146 2070 153 2089 ‘
229 2057 354 2150 Quum
380 2059 490 2154 igitur
516 2057 564 2131 dc
589 2060 777 2151 mysteriis
810 2059 929 2132 multa
960 2062 1140 2158 privatim
1173 2072 1211 2132 et
1246 2060 1304 2132 di=
1337 2092 1340 2097 ·

228 2189 288 2254 eta
319 2190 357 2252 et
388 2181 527 2277 scripta
559 2180 651 2267 sint,
690 2200 850 2274 quorum
881 2189 1052 2254 auctores
1076 2168 1302 2276 ignoramus,

226 2301 425 2374 manifesto
451 2310 625 2400 apparet,
664 2296 713 2373 ad
740 2290 1091 2392 demonstrandum,
1130 2301 1219 2402 quid
1244 2305 1301 2376 in-

225 2430 283 2493 ter
306 2421 553 2516 penetralium
578 2431 757 2515 consepta
776 2421 1013 2517 propositum
1038 2421 1153 2498 fuerit
1176 2426 1301 2498 initia-

224 2541 294 2628 tis,
318 2538 422 2610 nullo
449 2537 664 2610 testimonio
689 2540 747 2611 uti
771 2540 895 2629 licere,
922 2542 982 2614 cui
1007 2564 1084 2615 non
1108 2557 1237 2619 auctor
1262 2557 1301 2618 et
1335 2631 1338 2639 ,

224 2657 328 2730 locus
353 2666 392 2728 et
415 2668 564 2755 tempus
596 2658 818 2732 nominatim
853 2661 930 2733 sint
943 2666 1199 2761 praescripta,
1239 2690 1300 2740 eu·

219 2772 390 2872 jusmodi
413 2777 686 2865 testimonium,
713 2777 816 2874 quod
841 2778 1005 2877 quidem'
1018 2781 1068 2856 ad
1091 2808 1217 2859 rerum
1243 2785 1298 2859 di-

222 2897 405 2970 vinarum
431 2892 638 2970 doctrinam
670 2899 875 2995 pertineat,
913 2900 1058 2977 nullum
1095 2907 1296 2995 invenitur,
1354 2941 1358 2948 ·

222 3036 342 3114 neque
365 3016 527 3091 inveniri
551 3026 686 3115 potest.
859 3033 861 3036 ·

326 3369 473 3462 Quanto
500 3396 615 3474 opere
639 3398 769 3451 eorum
793 3375 1048 3476 improbamus
1064 3381 1293 3478 opinionem,

222 3493 285 3592 qui
310 3491 587 3570 Eleusiniorum
620 3506 790 3571 auctores
824 3509 862 3570 et
894 3497 1078 3572 antistites
1110 3501 1229 3596 gloria
1254 3479 1293 3578 et

221 3611 498 3712 praedicatione
532 3603 694 3690 efferunt
725 3621 952 3715 summisque
989 3623 1132 3714 generis
1173 3627 1291 3699 nostri

221 3733 523 3833 praeceptoribus
543 3739 796 3836 aequiparant,
821 3747 966 3812 tanmm
985 3739 1103 3833 abest,
1129 3754 1173 3822 ut
1186 3744 1291 3842 Apo-

221 3853 352 3948 logetis
369 3852 588 3932 Christianis
613 3860 869 3947 assentiamur,
894 3860 1029 3955 quibus
1055 3866 1186 3938 secreti
1205 3887 1289 3958 my-

220 3976 419 4050 steriorum
443 3986 570 4053 coetus
594 3976 787 4053 helluandi
807 3989 846 4050 et
865 3981 1055 4057 scortandi
1075 4006 1186 4056 causa
1207 3993 1288 4056 tum
1382 4059 1384 4064 .
