2917 4600
487 179 833 238 eoeneum„
1049 136 1059 157 “
1146 171 1195 251 31

119 340 281 431 faeere
306 357 494 435 magnas
519 337 656 417 urbes
681 340 885 436 ingressi
903 340 1123 436 solemus,
1146 355 1198 425 ut
1339 332 1342 337 ’

119 461 323 560 primum
362 479 521 549 saeros
563 458 702 539 aedes
745 470 789 535 et
823 459 983 551 dicata
1011 466 1197 553 numini

120 601 303 657 summo
328 577 529 655 delubra
554 581 781 670 visamus,
808 591 904 657 tum
928 581 1032 663 fora
1056 596 1197 682 atquo

121 701 365 796 gymnasia
397 711 443 775 et
473 698 750 795 ambulacra
780 702 1009 781 miremur.
1067 704 1196 803 anue
1304 770 1307 783 ,

122 823 215 895 ratio
250 820 368 909 fuisse
401 819 570 913 videtum
585 845 660 915 ¹our
684 831 987 918 mysiississirum
1011 844 1197 913 nomme

122 962 312 1033 ramorum
337 941 647 1027 monstratoribus
672 942 934 1023 transferretur
957 940 1016 1021 ad.
1032 944 1196 1041 perlege

122 1074 178 1141 tos
202 1062 392 1158 tumores.
416 1050 643 1160 verbumque
666 1070 931 1169 μυσταγωγεῖν
956 1060 1197 1153 eodem-mo·

121 1181 170 1259 do
196 1192 240 1256 ut
264 1188 434 1287 ξεναγεῒν
458 1205 518 1281 sp.
542 1182 695 1263 Lueian.
720 1179 929 1283 contempl.
955 1180 987 1282 ξ.
1016 1180 1050 1256 l.
1075 1206 1113 1282 p.
1134 1183 1196 1277 30.

122 1302 168 1376 Τ.
209 1302 243 1376 3.
281 1300 329 1379 de
370 1304 417 1381 iis
456 1300 657 1396 diceretur,
689 1326 850 1402 quorum
881 1302 994 1381 duem
1026 1302 1197 1389 advenae

123 1421 301 1522 quidquid
324 1425 369 1501 iu
391 1421 482 1513 urbe
499 1436 565 1499 aut
582 1434 770 1515 vetustate
785 1425 1039 1515 inclitumaut
1053 1427 1196 1521 magieis

120 1545 267 1625 fioentia
299 1542 550 1643 adspectabile
582 1558 698 1637 esset,
729 1542 946 1637 lustrabant·
969 1555 1018 1621 et.
1039 1546 1195 1625 ereum

118 1664 390 1764 niciano]-

222 1782 322 1877 Quid
354 1805 405 1871 ex
437 1784 496 1859 his
530 1785 719 1883 sequiturl
744 1784 847 1876 Hos,
874 1785 1025 1884 opinor;
1051 1786 1193 1861 unicui·

118 1928 188 2003 que
214 1904 497 1995 Atheniensium
523 1904 683 1995 licuisse,
709 1929 824 2005 quum
850 1902 1003 1983 Cereris.
1019 1883 1191 1983 Libo'rae-

118 2049 190 2123 que
216 2023 297 2101 dies
322 2024 440 2099 festus
466 2033 653 2120 ageretur,
686 2049 763 2115 non
787 2026 912 2100 solum
937 2026 1066 2123 ipsum
1087 2023 1193 2103 odiro

118 2145 299 2245 templum
331 2143 399 2219 sed
424 2146 544 2233 etiam,
562 2146 731 2243 hospites
757 2143 1104 2229 suosintrodueere
1128 2148 1192 2218 iis-

118 2289 187 2364 que
212 2266 414 2365 spectaculi
439 2263 574 2364 cupide
599 2268 754 2363 expetiti
779 2265 928 2361 sopiam
952 2262 1083 2340 laone.

592 2517 625 2617 s.
668 2451 710 2593 ¹s.

217 2722 321 2798 Haeo
360 2725 585 2823 supergressi
625 2723 673 2798 de
709 2725 976 2818 mysteriorum
1015 2721 1190 2820 gradibus

116 2866 211 2944 quae
242 2845 444 2918 afferuntur
469 2846 684 2919 testimonia
716 2847 956 2920 excutiamus.
992 2844 1189 2919 Termllia·

115 2987 184 3039 nus
224 2966 265 3037 in
307 2963 459 3038 exordio
495 2963 715 3039 dicacissimi
748 2964 927 3041 adversus
960 2965 1188 3040 Valentinia-

115 3106 182 3158 nos
215 3083 334 3157 libelli
365 3085 435 3158 hos
469 3093 507 3156 et
539 3095 680 3159 ceteros
705 3107 925 3159 areanorum
951 3086 1188 3160 simulatores

114 3207 206 3278 nunl
241 3204 343 3278 aliud
367 3203 468 3304 quod
494 3206 614 3279 celent
638 3204 775 3280 habere
800 3204 909 3296 dicit,
935 3207 1008 3279 nisi
1033 3206 1104 3280 hoe
1128 3208 1187 3304 ip·
1247 3250 1254 3264 ·

114 3347 194 3402 sum
221 3324 361 3417 nihil;
393 3326 433 3398 in
466 3350 540 3423 quo
566 3336 685 3400 totam
712 3336 881 3400 constare
905 3327 1087 3421 mysticae
1113 3325 1187 3400 dis·

115 3446 271 3542 eiplinae
297 3447 529 3544 sapientiam.
580 3445 930 3537 Valentiniani,
955 3448 1096 3545 inquit,
1121 3449 1185 3519 ni·

115 3563 359 3662 hilmegis
392 3576 576 3655 curant,
617 3589 750 3664 quam
792 3567 1031 3640 occultare
1064 3562 1184 3665 quod

114 3684 412 3782 praedicant5
444 3683 478 3760 si
510 3697 661 3760 tamen
693 3683 990 3786 praedicant,
1014 3687 1091 3784 qui
1117 3705 1185 3756 oo-

116 3806 305 3912 eultant
331 3802 590 3880 Custodiae
616 3804 834 3879 officium
859 3805 1183 3880 eonscientiae

182 3955 219 4028 [ἲ]
238 3933 285 4012 sic
304 3956 419 4026 Alciplrr.
437 3958 486 4012 111.
504 3958 556 4030 lep.
574 3956 616 4012 31.
635 3956 679 4010 ubi
697 3956 764 4012 mole
781 3956 926 4012 initiare
944 3956 1071 4011 redditur.
