2917 4600
494 178 886 287 unnusnsls⁸
1132 215 1205 290 167

129 385 345 488 portuosis
382 386 587 485 θεσμοὺς
627 392 679 473 εἰς
719 387 947 488 συμφωνίαν
980 388 1204 494 συνάγειν

75 564 80 572 ·
108 508 197 593 ola
232 502 438 582 Πλάτων
470 505 775 610 ἐδογμάτισε,
809 506 1032 607 βούλεται
1055 508 1202 604 Fragor.

128 650 166 726 p.
199 625 286 700 244.
305 620 351 721 [ὓ]
406 620 579 699 Clemens
612 625 769 723 Recogn.
803 626 847 705 L.
880 626 927 701 X.
960 627 1022 702 36.
1051 650 1089 727 p.
1116 630 1201 703 321.

94 838 97 843 Ι
130 743 413 836 „Prudenter
444 745 559 836 viri,
592 768 729 844 quum
763 746 982 823 viderent
1012 770 1203 822 commu·

130 888 253 958 „nem
282 867 680 962 superstitionem
715 878 807 940 tam
833 868 1113 965 probrosam
1140 890 1203 942 es·

117 1000 223 1078 ·‚‚se‚
261 982 434 1083 quibus
467 997 724 1082 potuerunt
755 992 1044 1083 argumentis
1070 998 1116 1059 et
1139 990 1202 1061 in-

132 1103 582 1203 „terpretationibus
608 1109 768 1180 conati
792 1120 903 1181 sunt
921 1131 994 1181 res
1014 1098 1203 1182 inhone-

131 1236 254 1318 „stas
279 1224 479 1298 honesto
505 1225 667 1301 velare
691 1238 945 1300 sermone.“
992 1228 1119 1326 Neque
1144 1250 1204 1301 so·

130 1347 209 1420 lum
242 1356 439 1442 utrumque
464 1366 578 1439 genus
603 1348 920 1446 interpretationis
946 1348 1095 1423 easdem
1121 1370 1204 1422 cau·

131 1490 191 1541 sas
224 1456 435 1539 sedetiam
467 1486 578 1564 pares
603 1488 791 1541 successus
817 1466 957 1541 habuit
1007 1466 1104 1542 Nam
1129 1467 1204 1545 Xe-

129 1586 323 1686 nophanes
348 1606 536 1659 sacrorum
565 1587 660 1658 ritus
684 1587 833 1685 ineptos
859 1610 903 1661 ac
927 1590 1205 1686 superstitiosos

134 1706 266 1782 eodem
293 1704 445 1778 tasufflo
472 1726 546 1802 quo
571 1706 690 1803 impia
710 1720 908 1803 poetarum
924 1720 1133 1781 commenta
1147 1728 1205 1780 re·

131 1827 325 1928 pudiavit,
361 1825 574 1922 Eleatisque
598 1826 858 1922 quaerentibus
884 1850 931 1902 an
956 1829 1205 1903 Leucotheam

134 1949 294 2021 colerent
309 1946 608 2042 plangerentque,
633 1946 828 2045 respondit
847 1948 904 2022 his
921 1948 1063 2025 serbis:
1090 1955 1122 2024 cl
1135 1947 1206 2046 μὲν

133 2073 228 2150 θεὸν
248 2061 575 2165 ὑπολαμβάνουσι,
600 2067 653 2165 μὴ
673 2072 844 2167 θρηνεῖν,
871 2076 903 2145 εἰ
924 2069 967 2145 δὲ
982 2073 1204 2167 ἄνθρωπον,

132 2193 196 2293 μὴ’
209 2188 322 2269 θύειν
346 2186 501 2260 Aristot
527 2183 632 2257 Rhea
656 2187 703 2259 ll.
724 2187 785 2258 23.
808 2184 962 2286 287.le
997 2184 1104 2260 Unde
1129 2210 1206 2259 ma-

132 2313 311 2392 nifestum
333 2319 391 2382 est
404 2328 489 2379 eum
506 2297 831 2401 illas'symbolicas
845 2308 1084 2396 ratiunculas,
1110 2329 1206 2405 quae

133 2423 349 2527 lugubribus
373 2428 489 2508 sacris
513 2425 668 2500 subtexi
692 2428 824 2518 solent,
850 2439 916 2502 aut
938 2431 1129 2525 ignorasse
1141 2437 1209 2501 aut

135 2553 383 2627 contemsisse.
413 2549 604 2646 Denique,
627 2556 674 2621 'ut
697 2547 909 2623 fabularum
934 2548 1190 2647 interpretatio
1199 2587 1209 2606 ·-

133 2674 192 2747 nis
218 2659 295 2745 duo
318 2671 469 2744 fuerumt
492 2691 638 2765 genera,
664 2691 780 2742 unum
797 2669 1025 2760 historicum,
1049 2670 1207 2742 alterum

134 2793 322 2882 samuele,
354 2794 424 2864 ita.
442 2791 556 2863 etiam
581 2790 787 2888 priscarum
813 2773 1098 2864 cerimoniarum
1123 2812 1209 2863 cau-

134 2937 197 2990 sae
221 2910 337 2987 modo
363 2912 411 2985 ab
436 2911 594 2984 historia
623 2907 739 2983 modo
764 2932 788 2982 a
811 2911 1048 3009 physiologia
1072 2912 1208 3008 repeti·

135 3046 194 3110 tae
227 3044 324 3108 sunt
376 3030 481 3120 Quae
513 3053 573 3103 res
605 3051 653 3102 ne
677 3029 813 3105 falsam
841 3031 888 3105 de
912 3033 1101 3125 mysteriis
1128 3032 1208 3129 opi·

135 3158 284 3230 nionem
311 3154 519 3243 confirmet,
543 3153 728 3249 imprimis
753 3150 1029 3250 providendum
1056 3162 1122 3224 est
1164 3148 1208 3223 ld

137 3289 260 3350 autem
300 3272 476 3347 facillime
510 3270 758 3361 obtinebitur,
800 3274 834 3345 si
867 3293 1208 3360 commemoremus,

137 3408 273 3495 quanta
297 3406 467 3469 veterum
486 3395 527 3465 in
547 3390 778 3489 inquirendis
794 3415 918 3465 rerum
937 3395 1105 3465 omnium
1123 3413 1207 3464 eau-

137 3519 189 3591 sis
215 3527 253 3589 et
277 3512 490 3588 auctoribus
515 3489 628 3588 fue'rit
653 3513 861 3603 euriositas,
886 3525 1026 3610 quanta
1049 3514 1089 3584 in
1110 3534 1209 3585 eom-

137 3623 375 3712 miniscendis
401 3634 602 3709 temeritas.
629 3630 802 3705 Graeculi
825 3632 894 3724 illi,
920 3634 984 3732 qui
1009 3653 1068 3705 res
1083 3631 1209 3746 paullo

89 3831 94 3844 ·
209 3803 249 3873 [⁸]
268 3801 386 3856 &odem
409 3820 516 3874 operum
538 3801 698 3854 lamblichus
721 3808 803 3855 navat
819 3803 902 3856 sacris
919 3801 1027 3870 mamas
1043 3799 1077 3852 ad
1094 3797 1208 3867 philoso—

141 3875 226 3946 phism
245 3873 470 3926 accommodandis
487 3874 520 3926 de
538 3872 620 3939 Mysi.
637 3871 670 3923 L.
687 3870 709 3923 I.
726 3889 754 3939 p.
770 3872 814 3923 20.
832 3890 871 3941 sq.

213 3942 264 4014 [tt]
284 3943 338 3996 Alii
361 3943 413 3997 boc
437 3959 496 3997 eom
519 3943 553 3995 ds
570 3940 683 3995 Osiridis
700 3941 772 3994 cultu
794 3942 911 3995 luchiaco
928 3940 1024 3992 dixisse
1041 3939 1166 3990 referunt.
1182 3955 1207 3990 v.

144 4015 257 4070 litandis
274 4014 418 4068 Commem-
435 4013 524 4068 Eleat
543 4031 569 4084 p.
585 4011 629 4065 70.
645 4011 760 4065 Βεὶωιτ.
778 4013 813 4065 ad
829 4012 906 4068 Dion.
925 4013 999 4064 cm.
1016 4009 1048 4061 1..
1065 4007 1136 4061 nnn
1153 4007 1179 4059 2.
