<?xml version="1.0" encoding="UTF-8"?>
<!DOCTYPE html PUBLIC "-//W3C//DTD XHTML 1.0 Transitional//EN"
    "http://www.w3.org/TR/xhtml1/DTD/xhtml1-transitional.dtd">
<html xmlns="http://www.w3.org/1999/xhtml" xml:lang="en" lang="en">
 <head>
  <title>
</title>
<meta http-equiv="Content-Type" content="text/html;charset=utf-8" />
  <meta name='ocr-system' content='tesseract 3.04.00' />
  <meta name='ocr-capabilities' content='ocr_page ocr_carea ocr_par ocr_line ocrx_word'/>
</head>
<body>
  <div class='ocr_page' id='page_1' title='image "aglaophamussive03lobegoog_0041.png"; bbox 0 0 2917 4600; ppageno 0'>
   <div class='ocr_carea' id='block_1_1' title="bbox 500 240 1209 316">
    <p class='ocr_par' dir='ltr' id='par_1_1' title="bbox 500 240 1209 316">
     <span class='ocr_line' id='line_1_1' title="bbox 500 240 1209 316; baseline 0.011 -8"><span class='ocrx_word' id='word_1_1' title='bbox 500 252 845 311; x_wconf 69' lang='lat' dir='ltr'><strong>nonnemo.</strong></span> <span class='ocrx_word' id='word_1_2' title='bbox 1158 240 1209 316; x_wconf 80' lang='lat'><strong>25</strong></span> 
     </span>
    </p>
   </div>
   <div class='ocr_carea' id='block_1_2' title="bbox 135 410 1349 4122">
    <p class='ocr_par' dir='ltr' id='par_1_2' title="bbox 135 410 1349 4122">
     <span class='ocr_line' id='line_1_2' title="bbox 135 410 1208 509; baseline 0.005 -25"><span class='ocrx_word' id='word_1_3' title='bbox 135 429 254 484; x_wconf 88' lang='lat' dir='ltr'><strong>meus·</strong></span> <span class='ocrx_word' id='word_1_4' title='bbox 286 410 508 486; x_wconf 85' lang='lat' dir='ltr'><strong>nominatim</strong></span> <span class='ocrx_word' id='word_1_5' title='bbox 548 411 597 488; x_wconf 88' lang='lat' dir='ltr'><strong>de</strong></span> <span class='ocrx_word' id='word_1_6' title='bbox 628 418 742 488; x_wconf 85' lang='lat' dir='ltr'><strong>sacris</strong></span> <span class='ocrx_word' id='word_1_7' title='bbox 773 412 1003 509; x_wconf 71' lang='lat' dir='ltr'><strong>Phrygionis,</strong></span> <span class='ocrx_word' id='word_1_8' title='bbox 1042 415 1208 490; x_wconf 89' lang='lat' dir='ltr'><strong>omnium</strong></span> 
     </span>
     <span class='ocr_line' id='line_1_3' title="bbox 135 530 1208 630; baseline 0.006 -27"><span class='ocrx_word' id='word_1_9' title='bbox 135 530 388 630; x_wconf 72' lang='lat' dir='ltr'><strong>turpissimis,</strong></span> <span class='ocrx_word' id='word_1_10' title='bbox 409 543 556 624; x_wconf 81' lang='lat' dir='ltr'><strong>narrat,</strong></span> <span class='ocrx_word' id='word_1_11' title='bbox 589 532 631 607; x_wconf 93' lang='lat' dir='ltr'><strong>id</strong></span> <span class='ocrx_word' id='word_1_12' title='bbox 656 535 713 607; x_wconf 77' lang='lat' dir='ltr'><strong>itti</strong></span> <span class='ocrx_word' id='word_1_13' title='bbox 739 556 808 608; x_wconf 86' lang='lat' dir='ltr'><strong>sua</strong></span> <span class='ocrx_word' id='word_1_14' title='bbox 832 533 966 609; x_wconf 85' lang='lat' dir='ltr'><strong>fiducia</strong></span> <span class='ocrx_word' id='word_1_15' title='bbox 990 533 1039 609; x_wconf 88' lang='lat' dir='ltr'><strong>ad</strong></span> <span class='ocrx_word' id='word_1_16' title='bbox 1064 535 1208 609; x_wconf 88' lang='lat' dir='ltr'><strong>Eleusi·</strong></span> 
     </span>
     <span class='ocr_line' id='line_1_4' title="bbox 136 649 1209 762; baseline 0.008 -41"><span class='ocrx_word' id='word_1_17' title='bbox 136 652 202 722; x_wconf 85' lang='lat' dir='ltr'><strong>nia</strong></span> <span class='ocrx_word' id='word_1_18' title='bbox 225 649 464 725; x_wconf 77' lang='lat' dir='ltr'><strong>transierunt</strong></span> <span class='ocrx_word' id='word_1_19' title='bbox 513 652 670 762; x_wconf 18' lang='lat' dir='ltr'><strong>Hisnhic</strong></span> <span class='ocrx_word' id='word_1_20' title='bbox 696 653 847 752; x_wconf 87' lang='lat' dir='ltr'><strong>quidem</strong></span> <span class='ocrx_word' id='word_1_21' title='bbox 872 654 985 728; x_wconf 86' lang='lat' dir='ltr'><strong>aliam</strong></span> <span class='ocrx_word' id='word_1_22' title='bbox 1008 654 1209 729; x_wconf 87' lang='lat' dir='ltr'><strong>formulam</strong></span> 
     </span>
     <span class='ocr_line' id='line_1_5' title="bbox 139 767 1208 874; baseline 0.009 -32"><span class='ocrx_word' id='word_1_23' title='bbox 139 767 320 843; x_wconf 70' lang='lat' dir='ltr'><strong>adsmibit</strong></span> <span class='ocrx_word' id='word_1_24' title='bbox 342 795 379 868; x_wconf 88' lang='lat' dir='ltr'><strong>p.</strong></span> <span class='ocrx_word' id='word_1_25' title='bbox 409 771 467 847; x_wconf 88' lang='lat'><strong>18.</strong></span> <span class='ocrx_word' id='word_1_26' title='bbox 493 776 571 850; x_wconf 71' lang='lat' dir='ltr'><strong>tou</strong></span> <span class='ocrx_word' id='word_1_27' title='bbox 597 774 640 850; x_wconf 81' lang='grc' dir='ltr'><strong>τὸ</strong></span> <span class='ocrx_word' id='word_1_28' title='bbox 655 770 838 874; x_wconf 80' lang='grc' dir='ltr'><em>σύνθημα</em></span> <span class='ocrx_word' id='word_1_29' title='bbox 855 774 1087 854; x_wconf 73' lang='grc' dir='ltr'><em>Ἐλευσινίων</em></span> <span class='ocrx_word' id='word_1_30' title='bbox 1105 775 1208 873; x_wconf 65' lang='lat' dir='ltr'><strong>’Erd-</strong></span> 
     </span>
     <span class='ocr_line' id='line_1_6' title="bbox 140 893 1210 996; baseline 0.005 -28"><span class='ocrx_word' id='word_1_31' title='bbox 140 916 299 980; x_wconf 77' lang='grc' dir='ltr'><em>στευσα,</em></span> <span class='ocrx_word' id='word_1_32' title='bbox 321 893 430 970; x_wconf 62' lang='grc' dir='ltr'><em>’ἔπιον</em></span> <span class='ocrx_word' id='word_1_33' title='bbox 451 893 521 971; x_wconf 82' lang='grc' dir='ltr'><strong>τὸν</strong></span> <span class='ocrx_word' id='word_1_34' title='bbox 541 902 731 982; x_wconf 81' lang='grc' dir='ltr'><em>κυκεῶνα,</em></span> <span class='ocrx_word' id='word_1_35' title='bbox 758 897 896 995; x_wconf 62' lang='grc' dir='ltr'><em>ἔλαβον</em></span> <span class='ocrx_word' id='word_1_36' title='bbox 918 899 958 971; x_wconf 80' lang='grc' dir='ltr'><strong>ἐκ</strong></span> <span class='ocrx_word' id='word_1_37' title='bbox 978 894 1124 991; x_wconf 81' lang='grc' dir='ltr'><strong><em>κίστης,</em></strong></span> <span class='ocrx_word' id='word_1_38' title='bbox 1149 900 1210 996; x_wconf 75' lang='lat' dir='ltr'><strong>ip-</strong></span> 
     </span>
     <span class='ocr_line' id='line_1_7' title="bbox 139 1008 1212 1117; baseline 0.003 -30"><span class='ocrx_word' id='word_1_39' title='bbox 139 1008 351 1113; x_wconf 75' lang='grc' dir='ltr'><em>γασάμενος</em></span> <span class='ocrx_word' id='word_1_40' title='bbox 378 1012 461 1107; x_wconf 78' lang='lat' dir='ltr'><strong>(leg.</strong></span> <span class='ocrx_word' id='word_1_41' title='bbox 492 1010 776 1117; x_wconf 71' lang='grc' dir='ltr'><em>ἐγγευσάμενος)</em></span> <span class='ocrx_word' id='word_1_42' title='bbox 804 1016 999 1113; x_wconf 77' lang='grc' dir='ltr'><strong>ἀπεθέμην</strong></span> <span class='ocrx_word' id='word_1_43' title='bbox 1026 1020 1077 1098; x_wconf 75' lang='grc' dir='ltr'><strong>εἰς</strong></span> <span class='ocrx_word' id='word_1_44' title='bbox 1096 1013 1212 1092; x_wconf 76' lang='grc' dir='ltr'><em>κάλα·</em></span> 
     </span>
     <span class='ocr_line' id='line_1_8' title="bbox 139 1130 1212 1231; baseline 0 -24"><span class='ocrx_word' id='word_1_45' title='bbox 139 1135 219 1208; x_wconf 70' lang='grc' dir='ltr'><strong>θον</strong></span> <span class='ocrx_word' id='word_1_46' title='bbox 246 1132 310 1207; x_wconf 82' lang='grc' dir='ltr'><strong>καὶ</strong></span> <span class='ocrx_word' id='word_1_47' title='bbox 330 1136 370 1208; x_wconf 75' lang='grc' dir='ltr'><strong>ἐκ</strong></span> <span class='ocrx_word' id='word_1_48' title='bbox 391 1130 564 1210; x_wconf 78' lang='grc' dir='ltr'><em>καλάθου</em></span> <span class='ocrx_word' id='word_1_49' title='bbox 586 1139 638 1218; x_wconf 73' lang='grc' dir='ltr'><strong>εἰς</strong></span> <span class='ocrx_word' id='word_1_50' title='bbox 659 1133 800 1230; x_wconf 79' lang='grc' dir='ltr'><em>κίστην</em></span> <span class='ocrx_word' id='word_1_51' title='bbox 827 1156 921 1231; x_wconf 87' lang='lat' dir='ltr'><strong>quac</strong></span> <span class='ocrx_word' id='word_1_52' title='bbox 944 1144 1117 1230; x_wconf 78' lang='lat' dir='ltr'><strong>repetens</strong></span> <span class='ocrx_word' id='word_1_53' title='bbox 1142 1133 1212 1207; x_wconf 85' lang='lat' dir='ltr'><strong>Ar·</strong></span> 
     </span>
     <span class='ocr_line' id='line_1_9' title="bbox 140 1249 1212 1351; baseline 0.004 -28"><span class='ocrx_word' id='word_1_54' title='bbox 140 1249 275 1325; x_wconf 86' lang='lat' dir='ltr'><strong>nobins</strong></span> <span class='ocrx_word' id='word_1_55' title='bbox 300 1250 345 1324; x_wconf 87' lang='lat' dir='ltr'><strong>V.</strong></span> <span class='ocrx_word' id='word_1_56' title='bbox 371 1275 401 1324; x_wconf 87' lang='lat' dir='ltr'><strong>c</strong></span> <span class='ocrx_word' id='word_1_57' title='bbox 422 1251 482 1326; x_wconf 81' lang='lat'><strong>26.</strong></span> <span class='ocrx_word' id='word_1_58' title='bbox 502 1253 595 1326; x_wconf 87' lang='lat' dir='ltr'><strong>haec</strong></span> <span class='ocrx_word' id='word_1_59' title='bbox 612 1252 784 1348; x_wconf 88' lang='lat' dir='ltr'><strong>symbola</strong></span> <span class='ocrx_word' id='word_1_60' title='bbox 805 1274 884 1327; x_wconf 84' lang='lat' dir='ltr'><strong>esse</strong></span> <span class='ocrx_word' id='word_1_61' title='bbox 904 1250 1072 1343; x_wconf 55' lang='lat' dir='ltr'><strong>minat</strong></span> <span class='ocrx_word' id='word_1_62' title='bbox 1097 1275 1212 1351; x_wconf 86' lang='lat' dir='ltr'><strong>quac</strong></span> 
     </span>
     <span class='ocr_line' id='line_1_10' title="bbox 145 1372 1349 1471; baseline 0.006 -29"><span class='ocrx_word' id='word_1_63' title='bbox 145 1372 298 1465; x_wconf 78' lang='lat' dir='ltr'><strong>rogati</strong></span> <span class='ocrx_word' id='word_1_64' title='bbox 323 1393 561 1449; x_wconf 88' lang='lat' dir='ltr'><strong>sacrorum</strong></span> <span class='ocrx_word' id='word_1_65' title='bbox 581 1373 628 1446; x_wconf 91' lang='lat' dir='ltr'><strong>in</strong></span> <span class='ocrx_word' id='word_1_66' title='bbox 647 1372 1009 1471; x_wconf 79' lang='lat' dir='ltr'><strong>acceptionibus</strong></span> <span class='ocrx_word' id='word_1_67' title='bbox 1027 1396 1213 1471; x_wconf 83' lang='lat' dir='ltr'><strong>respon·</strong></span> <span class='ocrx_word' id='word_1_68' title='bbox 1347 1418 1349 1421; x_wconf 95' lang='lat'>·</span> 
     </span>
     <span class='ocr_line' id='line_1_11' title="bbox 146 1488 1290 1592; baseline 0.006 -31"><span class='ocrx_word' id='word_1_69' title='bbox 146 1488 291 1583; x_wconf 75' lang='lat' dir='ltr'><strong>deant.</strong></span> <span class='ocrx_word' id='word_1_70' title='bbox 351 1491 427 1566; x_wconf 82' lang='lat' dir='ltr'><strong>Sed</strong></span> <span class='ocrx_word' id='word_1_71' title='bbox 450 1494 678 1568; x_wconf 83' lang='lat' dir='ltr'><strong>introeuntes</strong></span> <span class='ocrx_word' id='word_1_72' title='bbox 702 1494 775 1567; x_wconf 89' lang='lat' dir='ltr'><strong>hoc</strong></span> <span class='ocrx_word' id='word_1_73' title='bbox 798 1494 1063 1592; x_wconf 76' lang='lat' dir='ltr'><strong>pronunciasse</strong></span> <span class='ocrx_word' id='word_1_74' title='bbox 1088 1514 1213 1568; x_wconf 87' lang='lat' dir='ltr'><strong>conse·</strong></span> <span class='ocrx_word' id='word_1_75' title='bbox 1286 1526 1290 1536; x_wconf 96' lang='lat'>·</span> 
     </span>
     <span class='ocr_line' id='line_1_12' title="bbox 143 1612 1212 1711; baseline 0.003 -25"><span class='ocrx_word' id='word_1_76' title='bbox 143 1633 307 1700; x_wconf 82' lang='lat' dir='ltr'><strong>uaneos,</strong></span> <span class='ocrx_word' id='word_1_77' title='bbox 332 1621 376 1684; x_wconf 88' lang='lat' dir='ltr'><strong>ut</strong></span> <span class='ocrx_word' id='word_1_78' title='bbox 398 1623 552 1709; x_wconf 79' lang='lat' dir='ltr'><strong>possent</strong></span> <span class='ocrx_word' id='word_1_79' title='bbox 575 1636 599 1687; x_wconf 89' lang='lat' dir='ltr'><strong>a</strong></span> <span class='ocrx_word' id='word_1_80' title='bbox 617 1613 786 1711; x_wconf 85' lang='lat' dir='ltr'><strong>profanis</strong></span> <span class='ocrx_word' id='word_1_81' title='bbox 807 1613 983 1710; x_wconf 74' lang='lat' dir='ltr'><strong>dignosci,</strong></span> <span class='ocrx_word' id='word_1_82' title='bbox 1006 1627 1138 1689; x_wconf 86' lang='lat' dir='ltr'><strong>neuter</strong></span> <span class='ocrx_word' id='word_1_83' title='bbox 1156 1612 1212 1689; x_wconf 86' lang='lat' dir='ltr'><strong>di-</strong></span> 
     </span>
     <span class='ocr_line' id='line_1_13' title="bbox 141 1729 1214 1836; baseline 0.008 -32"><span class='ocrx_word' id='word_1_84' title='bbox 141 1735 211 1822; x_wconf 88' lang='lat' dir='ltr'><strong>cit,</strong></span> <span class='ocrx_word' id='word_1_85' title='bbox 235 1753 356 1830; x_wconf 79' lang='lat' dir='ltr'><strong>neque</strong></span> <span class='ocrx_word' id='word_1_86' title='bbox 380 1729 422 1804; x_wconf 94' lang='lat' dir='ltr'><strong>id</strong></span> <span class='ocrx_word' id='word_1_87' title='bbox 447 1755 493 1806; x_wconf 85' lang='lat' dir='ltr'><strong>ex</strong></span> <span class='ocrx_word' id='word_1_88' title='bbox 517 1734 730 1809; x_wconf 84' lang='lat' dir='ltr'><strong>nominibus</strong></span> <span class='ocrx_word' id='word_1_89' title='bbox 751 1732 944 1836; x_wconf 78' lang='grc' dir='ltr'><em>σύμβολον</em></span> <span class='ocrx_word' id='word_1_90' title='bbox 968 1746 1007 1811; x_wconf 85' lang='lat' dir='ltr'><strong>et</strong></span> <span class='ocrx_word' id='word_1_91' title='bbox 1032 1732 1214 1836; x_wconf 76' lang='grc' dir='ltr'><em>σύνθημα</em></span> 
     </span>
     <span class='ocr_line' id='line_1_14' title="bbox 142 1850 1212 1954; baseline 0.003 -27"><span class='ocrx_word' id='word_1_92' title='bbox 142 1853 267 1947; x_wconf 74' lang='lat' dir='ltr'><strong>colligi</strong></span> <span class='ocrx_word' id='word_1_93' title='bbox 299 1862 435 1949; x_wconf 84' lang='lat' dir='ltr'><strong>potest</strong></span> <span class='ocrx_word' id='word_1_94' title='bbox 496 1850 695 1942; x_wconf 76' lang='lat' dir='ltr'><strong>Quomodo</strong></span> <span class='ocrx_word' id='word_1_95' title='bbox 727 1857 769 1928; x_wconf 92' lang='lat' dir='ltr'><strong>in</strong></span> <span class='ocrx_word' id='word_1_96' title='bbox 793 1867 920 1930; x_wconf 83' lang='lat' dir='ltr'><strong>vetere</strong></span> <span class='ocrx_word' id='word_1_97' title='bbox 945 1855 1098 1929; x_wconf 84' lang='lat' dir='ltr'><strong>ecclesia</strong></span> <span class='ocrx_word' id='word_1_98' title='bbox 1121 1855 1212 1954; x_wconf 87' lang='lat' dir='ltr'><strong>bap·</strong></span> 
     </span>
     <span class='ocr_line' id='line_1_15' title="bbox 142 1971 1212 2082; baseline 0.006 -35"><span class='ocrx_word' id='word_1_99' title='bbox 142 1972 287 2047; x_wconf 80' lang='lat' dir='ltr'><strong>tizandi</strong></span> <span class='ocrx_word' id='word_1_100' title='bbox 311 1971 526 2067; x_wconf 89' lang='lat' dir='ltr'><strong>symbolum</strong></span> <span class='ocrx_word' id='word_1_101' title='bbox 550 1975 796 2073; x_wconf 84' lang='lat' dir='ltr'><strong>apostolicum</strong></span> <span class='ocrx_word' id='word_1_102' title='bbox 819 1976 992 2066; x_wconf 88' lang='lat' dir='ltr'><strong>recitare,</strong></span> <span class='ocrx_word' id='word_1_103' title='bbox 1027 1977 1212 2082; x_wconf 67' lang='grc' dir='ltr'><strong>ἀπαγγέλ-</strong></span> 
     </span>
     <span class='ocr_line' id='line_1_16' title="bbox 144 2091 1214 2194; baseline -0.001 -25"><span class='ocrx_word' id='word_1_104' title='bbox 144 2103 221 2172; x_wconf 77' lang='grc' dir='ltr'><em>λειν</em></span> <span class='ocrx_word' id='word_1_105' title='bbox 249 2094 293 2171; x_wconf 80' lang='grc' dir='ltr'><strong>τὸ</strong></span> <span class='ocrx_word' id='word_1_106' title='bbox 327 2091 520 2194; x_wconf 78' lang='grc' dir='ltr'><em>σύμβολον</em></span> <span class='ocrx_word' id='word_1_107' title='bbox 546 2093 790 2190; x_wconf 88' lang='lat' dir='ltr'><strong>jubebantur,</strong></span> <span class='ocrx_word' id='word_1_108' title='bbox 822 2098 875 2169; x_wconf 88' lang='lat' dir='ltr'><strong>sic</strong></span> <span class='ocrx_word' id='word_1_109' title='bbox 899 2095 966 2168; x_wconf 86' lang='lat' dir='ltr'><strong>illa</strong></span> <span class='ocrx_word' id='word_1_110' title='bbox 989 2095 1150 2168; x_wconf 80' lang='lat' dir='ltr'><strong>formula</strong></span> <span class='ocrx_word' id='word_1_111' title='bbox 1173 2098 1214 2168; x_wconf 91' lang='lat' dir='ltr'><strong>in</strong></span> 
     </span>
     <span class='ocr_line' id='line_1_17' title="bbox 141 2211 1214 2314; baseline -0.004 -26"><span class='ocrx_word' id='word_1_112' title='bbox 141 2216 408 2308; x_wconf 83' lang='lat' dir='ltr'><strong>mysteriorum</strong></span> <span class='ocrx_word' id='word_1_113' title='bbox 440 2216 733 2314; x_wconf 87' lang='lat' dir='ltr'><strong>acceptione,</strong></span> <span class='ocrx_word' id='word_1_114' title='bbox 766 2225 808 2288; x_wconf 89' lang='lat' dir='ltr'><strong>ut</strong></span> <span class='ocrx_word' id='word_1_115' title='bbox 841 2216 937 2288; x_wconf 88' lang='lat' dir='ltr'><strong>clare</strong></span> <span class='ocrx_word' id='word_1_116' title='bbox 971 2211 1063 2285; x_wconf 89' lang='lat' dir='ltr'><strong>dicit</strong></span> <span class='ocrx_word' id='word_1_117' title='bbox 1093 2213 1214 2286; x_wconf 85' lang='lat' dir='ltr'><strong>Arno·</strong></span> 
     </span>
     <span class='ocr_line' id='line_1_18' title="bbox 143 2333 1216 2432; baseline -0.002 -25"><span class='ocrx_word' id='word_1_118' title='bbox 143 2333 246 2425; x_wconf 82' lang='lat' dir='ltr'><strong>bins,</strong></span> <span class='ocrx_word' id='word_1_119' title='bbox 277 2336 432 2409; x_wconf 86' lang='lat' dir='ltr'><strong>recitata</strong></span> <span class='ocrx_word' id='word_1_120' title='bbox 462 2345 535 2426; x_wconf 84' lang='lat' dir='ltr'><strong>est,</strong></span> <span class='ocrx_word' id='word_1_121' title='bbox 572 2345 691 2432; x_wconf 87' lang='lat' dir='ltr'><strong>eaque</strong></span> <span class='ocrx_word' id='word_1_122' title='bbox 720 2356 909 2408; x_wconf 85' lang='lat' dir='ltr'><strong>sacrorum</strong></span> <span class='ocrx_word' id='word_1_123' title='bbox 941 2335 1099 2407; x_wconf 88' lang='lat' dir='ltr'><strong>istorum</strong></span> <span class='ocrx_word' id='word_1_124' title='bbox 1124 2343 1216 2406; x_wconf 88' lang='lat' dir='ltr'><strong>nota</strong></span> 
     </span>
     <span class='ocr_line' id='line_1_19' title="bbox 148 2451 1215 2561; baseline 0.004 -35"><span class='ocrx_word' id='word_1_125' title='bbox 148 2465 187 2526; x_wconf 85' lang='lat' dir='ltr'><strong>et</strong></span> <span class='ocrx_word' id='word_1_126' title='bbox 205 2453 416 2547; x_wconf 84' lang='lat' dir='ltr'><strong>symbolum</strong></span> <span class='ocrx_word' id='word_1_127' title='bbox 436 2454 572 2528; x_wconf 77' lang='lat' dir='ltr'><strong>dicimr</strong></span> <span class='ocrx_word' id='word_1_128' title='bbox 592 2453 726 2540; x_wconf 82' lang='lat' dir='ltr'><strong>eodem</strong></span> <span class='ocrx_word' id='word_1_129' title='bbox 744 2476 854 2561; x_wconf 79' lang='lat' dir='ltr'><strong>sensu</strong></span> <span class='ocrx_word' id='word_1_130' title='bbox 873 2475 946 2553; x_wconf 89' lang='lat' dir='ltr'><strong>quo</strong></span> <span class='ocrx_word' id='word_1_131' title='bbox 961 2453 1058 2526; x_wconf 86' lang='lat' dir='ltr'><strong>aliae</strong></span> <span class='ocrx_word' id='word_1_132' title='bbox 1069 2451 1215 2552; x_wconf 72' lang='grc' dir='ltr'><strong><em>ἐπιῤῥή-</em></strong></span> 
     </span>
     <span class='ocr_line' id='line_1_20' title="bbox 150 2574 1214 2665; baseline -0.004 -15"><span class='ocrx_word' id='word_1_133' title='bbox 150 2597 223 2659; x_wconf 66' lang='lat' dir='ltr'><strong>orig</strong></span> <span class='ocrx_word' id='word_1_134' title='bbox 246 2585 282 2646; x_wconf 89' lang='lat' dir='ltr'><strong>ct</strong></span> <span class='ocrx_word' id='word_1_135' title='bbox 307 2574 488 2649; x_wconf 88' lang='lat' dir='ltr'><strong>solemnia</strong></span> <span class='ocrx_word' id='word_1_136' title='bbox 507 2574 623 2653; x_wconf 85' lang='lat' dir='ltr'><strong>verba</strong></span> <span class='ocrx_word' id='word_1_137' title='bbox 641 2574 898 2665; x_wconf 84' lang='lat' dir='ltr'><strong>Sabaziorum‚</strong></span> <span class='ocrx_word' id='word_1_138' title='bbox 922 2574 1214 2664; x_wconf 85' lang='lat' dir='ltr'><strong>Mithriacorum,</strong></span> 
     </span>
     <span class='ocr_line' id='line_1_21' title="bbox 148 2688 1215 2795; baseline 0.002 -28"><span class='ocrx_word' id='word_1_139' title='bbox 148 2688 518 2791; x_wconf 70' lang='lat' dir='ltr'><strong>cepomtianorum</strong></span> <span class='ocrx_word' id='word_1_140' title='bbox 538 2698 597 2771; x_wconf 85' lang='lat' dir='ltr'><strong>sui</strong></span> <span class='ocrx_word' id='word_1_141' title='bbox 617 2719 784 2795; x_wconf 84' lang='lat' dir='ltr'><strong>quaeque</strong></span> <span class='ocrx_word' id='word_1_142' title='bbox 801 2696 943 2791; x_wconf 77' lang='lat' dir='ltr'><strong>generis</strong></span> <span class='ocrx_word' id='word_1_143' title='bbox 956 2692 1127 2789; x_wconf 84' lang='lat' dir='ltr'><strong>symbola</strong></span> <span class='ocrx_word' id='word_1_144' title='bbox 1141 2693 1215 2769; x_wconf 87' lang='lat' dir='ltr'><strong>dici</strong></span> 
     </span>
     <span class='ocr_line' id='line_1_22' title="bbox 145 2816 1216 2914; baseline 0 -27"><span class='ocrx_word' id='word_1_145' title='bbox 145 2823 321 2912; x_wconf 89' lang='lat' dir='ltr'><strong>possunt,</strong></span> <span class='ocrx_word' id='word_1_146' title='bbox 351 2838 473 2914; x_wconf 88' lang='lat' dir='ltr'><strong>neque</strong></span> <span class='ocrx_word' id='word_1_147' title='bbox 503 2838 580 2891; x_wconf 90' lang='lat' dir='ltr'><strong>non</strong></span> <span class='ocrx_word' id='word_1_148' title='bbox 610 2817 696 2907; x_wconf 87' lang='lat' dir='ltr'><strong>illa,</strong></span> <span class='ocrx_word' id='word_1_149' title='bbox 728 2838 823 2914; x_wconf 84' lang='lat' dir='ltr'><strong>quae</strong></span> <span class='ocrx_word' id='word_1_150' title='bbox 847 2816 1131 2889; x_wconf 77' lang='lat' dir='ltr'><strong>[elamitieorum</strong></span> <span class='ocrx_word' id='word_1_151' title='bbox 1157 2836 1216 2887; x_wconf 90' lang='lat' dir='ltr'><strong>sa·</strong></span> 
     </span>
     <span class='ocr_line' id='line_1_23' title="bbox 146 2917 1215 3032; baseline 0.001 -25"><span class='ocrx_word' id='word_1_152' title='bbox 146 2955 295 3008; x_wconf 87' lang='lat' dir='ltr'><strong>crorum</strong></span> <span class='ocrx_word' id='word_1_153' title='bbox 319 2917 479 3010; x_wconf 85' lang='lat' dir='ltr'><strong>cultores</strong></span> <span class='ocrx_word' id='word_1_154' title='bbox 503 2937 616 3032; x_wconf 75' lang='lat' dir='ltr'><strong>vulgo</strong></span> <span class='ocrx_word' id='word_1_155' title='bbox 642 2935 856 3010; x_wconf 89' lang='lat' dir='ltr'><strong>decantant:</strong></span> <span class='ocrx_word' id='word_1_156' title='bbox 882 2933 982 3010; x_wconf 92' lang='lat' dir='ltr'><strong>Non</strong></span> <span class='ocrx_word' id='word_1_157' title='bbox 1008 2943 1080 3008; x_wconf 87' lang='lat' dir='ltr'><strong>est</strong></span> <span class='ocrx_word' id='word_1_158' title='bbox 1103 2933 1215 3009; x_wconf 89' lang='lat' dir='ltr'><strong>deus</strong></span> 
     </span>
     <span class='ocr_line' id='line_1_24' title="bbox 144 3053 1215 3156; baseline -0.001 -28"><span class='ocrx_word' id='word_1_159' title='bbox 144 3056 242 3128; x_wconf 84' lang='lat' dir='ltr'><strong>nisi</strong></span> <span class='ocrx_word' id='word_1_160' title='bbox 264 3053 379 3130; x_wconf 88' lang='lat' dir='ltr'><strong>deus</strong></span> <span class='ocrx_word' id='word_1_161' title='bbox 404 3056 507 3147; x_wconf 89' lang='lat' dir='ltr'><strong>ille,</strong></span> <span class='ocrx_word' id='word_1_162' title='bbox 531 3055 821 3131; x_wconf 88' lang='lat' dir='ltr'><strong>Muhammed</strong></span> <span class='ocrx_word' id='word_1_163' title='bbox 846 3057 1037 3129; x_wconf 88' lang='lat' dir='ltr'><strong>nuntius</strong></span> <span class='ocrx_word' id='word_1_164' title='bbox 1064 3053 1140 3129; x_wconf 89' lang='lat' dir='ltr'><strong>dci</strong></span> <span class='ocrx_word' id='word_1_165' title='bbox 1164 3055 1215 3156; x_wconf 82' lang='lat' dir='ltr'><strong>il·</strong></span> 
     </span>
     <span class='ocr_line' id='line_1_25' title="bbox 143 3174 1217 3273; baseline -0.001 -25"><span class='ocrx_word' id='word_1_166' title='bbox 143 3175 249 3250; x_wconf 83' lang='lat' dir='ltr'><strong>lius.</strong></span> <span class='ocrx_word' id='word_1_167' title='bbox 288 3175 427 3251; x_wconf 86' lang='lat' dir='ltr'><strong>Verum</strong></span> <span class='ocrx_word' id='word_1_168' title='bbox 450 3199 527 3251; x_wconf 93' lang='lat' dir='ltr'><strong>non</strong></span> <span class='ocrx_word' id='word_1_169' title='bbox 551 3177 674 3251; x_wconf 85' lang='lat' dir='ltr'><strong>solum</strong></span> <span class='ocrx_word' id='word_1_170' title='bbox 698 3177 801 3250; x_wconf 87' lang='lat' dir='ltr'><strong>nullo</strong></span> <span class='ocrx_word' id='word_1_171' title='bbox 828 3175 1040 3249; x_wconf 79' lang='lat' dir='ltr'><strong>testimonio</strong></span> <span class='ocrx_word' id='word_1_172' title='bbox 1064 3174 1217 3273; x_wconf 87' lang='lat' dir='ltr'><strong>probari</strong></span> 
     </span>
     <span class='ocr_line' id='line_1_26' title="bbox 144 3297 1216 3395; baseline -0.001 -25"><span class='ocrx_word' id='word_1_173' title='bbox 144 3307 291 3394; x_wconf 80' lang='lat' dir='ltr'><strong>potest,</strong></span> <span class='ocrx_word' id='word_1_174' title='bbox 324 3318 408 3387; x_wconf 86' lang='lat' dir='ltr'><strong>eos,</strong></span> <span class='ocrx_word' id='word_1_175' title='bbox 440 3297 505 3395; x_wconf 88' lang='lat' dir='ltr'><strong>qui</strong></span> <span class='ocrx_word' id='word_1_176' title='bbox 535 3319 681 3372; x_wconf 89' lang='lat' dir='ltr'><strong>sacrum</strong></span> <span class='ocrx_word' id='word_1_177' title='bbox 704 3297 937 3371; x_wconf 79' lang='lat' dir='ltr'><strong>Eleusiniam</strong></span> <span class='ocrx_word' id='word_1_178' title='bbox 961 3297 1117 3387; x_wconf 89' lang='lat' dir='ltr'><strong>inirent,</strong></span> <span class='ocrx_word' id='word_1_179' title='bbox 1141 3297 1216 3370; x_wconf 89' lang='lat' dir='ltr'><strong>isto</strong></span> 
     </span>
     <span class='ocr_line' id='line_1_27' title="bbox 144 3414 1218 3516; baseline 0.001 -27"><span class='ocrx_word' id='word_1_180' title='bbox 144 3414 264 3491; x_wconf 90' lang='lat' dir='ltr'><strong>modo</strong></span> <span class='ocrx_word' id='word_1_181' title='bbox 290 3417 507 3516; x_wconf 84' lang='lat' dir='ltr'><strong>exploratos</strong></span> <span class='ocrx_word' id='word_1_182' title='bbox 532 3438 635 3507; x_wconf 86' lang='lat' dir='ltr'><strong>csse,</strong></span> <span class='ocrx_word' id='word_1_183' title='bbox 660 3415 727 3492; x_wconf 85' lang='lat' dir='ltr'><strong>sed</strong></span> <span class='ocrx_word' id='word_1_184' title='bbox 754 3418 977 3491; x_wconf 88' lang='lat' dir='ltr'><strong>contrarium</strong></span> <span class='ocrx_word' id='word_1_185' title='bbox 1001 3417 1218 3513; x_wconf 80' lang='lat' dir='ltr'><strong>intelligitur</strong></span> 
     </span>
     <span class='ocr_line' id='line_1_28' title="bbox 151 3535 1216 3636; baseline 0.001 -30"><span class='ocrx_word' id='word_1_186' title='bbox 151 3535 305 3612; x_wconf 77' lang='lat' dir='ltr'><strong>aLivfi</strong></span> <span class='ocrx_word' id='word_1_187' title='bbox 337 3538 548 3612; x_wconf 79' lang='lat' dir='ltr'><strong>narratione</strong></span> <span class='ocrx_word' id='word_1_188' title='bbox 581 3537 623 3611; x_wconf 85' lang='lat' dir='ltr'><strong>L.</strong></span> <span class='ocrx_word' id='word_1_189' title='bbox 656 3536 797 3612; x_wconf 73' lang='lat' dir='ltr'>XXXI.</span> <span class='ocrx_word' id='word_1_190' title='bbox 832 3536 891 3612; x_wconf 84' lang='lat'><strong>14.</strong></span> <span class='ocrx_word' id='word_1_191' title='bbox 950 3540 1216 3636; x_wconf 82' lang='lat' dir='ltr'><strong>Acarnanes</strong></span> 
     </span>
     <span class='ocr_line' id='line_1_29' title="bbox 152 3652 1298 3757; baseline 0.001 -30"><span class='ocrx_word' id='word_1_192' title='bbox 152 3652 240 3727; x_wconf 88' lang='lat' dir='ltr'><strong>duo</strong></span> <span class='ocrx_word' id='word_1_193' title='bbox 269 3657 472 3752; x_wconf 79' lang='lat' dir='ltr'><strong>juvenes</strong></span> <span class='ocrx_word' id='word_1_194' title='bbox 503 3681 585 3757; x_wconf 87' lang='lat' dir='ltr'><strong>per</strong></span> <span class='ocrx_word' id='word_1_195' title='bbox 617 3660 866 3732; x_wconf 89' lang='lat' dir='ltr'><strong>initiorum</strong></span> <span class='ocrx_word' id='word_1_196' title='bbox 891 3657 989 3732; x_wconf 89' lang='lat' dir='ltr'><strong>dies</strong></span> <span class='ocrx_word' id='word_1_197' title='bbox 1014 3678 1106 3731; x_wconf 90' lang='lat' dir='ltr'><strong>non</strong></span> <span class='ocrx_word' id='word_1_198' title='bbox 1130 3655 1217 3728; x_wconf 90' lang='lat' dir='ltr'><strong>ini·</strong></span> <span class='ocrx_word' id='word_1_199' title='bbox 1296 3655 1298 3658; x_wconf 74' lang='grc'>’</span> 
     </span>
     <span class='ocr_line' id='line_1_30' title="bbox 150 3774 1216 3879; baseline 0 -32"><span class='ocrx_word' id='word_1_200' title='bbox 150 3775 261 3849; x_wconf 89' lang='lat' dir='ltr'><strong>tiati</strong></span> <span class='ocrx_word' id='word_1_201' title='bbox 295 3780 519 3879; x_wconf 87' lang='lat' dir='ltr'><strong>templum</strong></span> <span class='ocrx_word' id='word_1_202' title='bbox 545 3774 737 3853; x_wconf 86' lang='lat' dir='ltr'><strong>Cereris</strong></span> <span class='ocrx_word' id='word_1_203' title='bbox 761 3777 1085 3879; x_wconf 85' lang='lat' dir='ltr'><strong>imprudentes</strong></span> <span class='ocrx_word' id='word_1_204' title='bbox 1111 3775 1216 3848; x_wconf 86' lang='lat' dir='ltr'><strong>reli-</strong></span> 
     </span>
     <span class='ocr_line' id='line_1_31' title="bbox 149 3880 1286 3996; baseline 0.001 -28"><span class='ocrx_word' id='word_1_205' title='bbox 149 3898 305 3992; x_wconf 74' lang='lat' dir='ltr'><strong>gionis</strong></span> <span class='ocrx_word' id='word_1_206' title='bbox 332 3923 429 3976; x_wconf 89' lang='lat' dir='ltr'><strong>cum</strong></span> <span class='ocrx_word' id='word_1_207' title='bbox 454 3911 610 3975; x_wconf 88' lang='lat' dir='ltr'><strong>cetera</strong></span> <span class='ocrx_word' id='word_1_208' title='bbox 629 3899 765 3976; x_wconf 87' lang='lat' dir='ltr'><strong>turba</strong></span> <span class='ocrx_word' id='word_1_209' title='bbox 782 3900 980 3996; x_wconf 80' lang='lat' dir='ltr'><strong>ingressi</strong></span> <span class='ocrx_word' id='word_1_210' title='bbox 995 3895 1217 3974; x_wconf 63' lang='lat' dir='ltr'><strong>suntfa·</strong></span> <span class='ocrx_word' id='word_1_211' title='bbox 1279 3880 1286 3887; x_wconf 46' lang='lat'><strong>⁴</strong></span> 
     </span>
     <span class='ocr_line' id='line_1_32' title="bbox 153 4012 1217 4122; baseline 0.001 -32"><span class='ocrx_word' id='word_1_212' title='bbox 153 4017 245 4091; x_wconf 86' lang='lat' dir='ltr'><strong>cilo</strong></span> <span class='ocrx_word' id='word_1_213' title='bbox 279 4012 359 4094; x_wconf 83' lang='lat' dir='ltr'><strong>eos</strong></span> <span class='ocrx_word' id='word_1_214' title='bbox 391 4043 539 4098; x_wconf 87' lang='lat' dir='ltr'><strong>sermo</strong></span> <span class='ocrx_word' id='word_1_215' title='bbox 577 4020 800 4121; x_wconf 88' lang='lat' dir='ltr'><strong>prodidit</strong></span> <span class='ocrx_word' id='word_1_216' title='bbox 844 4016 1048 4096; x_wconf 88' lang='lat' dir='ltr'><strong>absurde</strong></span> <span class='ocrx_word' id='word_1_217' title='bbox 1086 4037 1217 4122; x_wconf 85' lang='lat' dir='ltr'><strong>quae·</strong></span> 
     </span>
    </p>
   </div>
   <div class='ocr_carea' id='block_1_3' title="bbox 0 0 1472 4600">
    <p class='ocr_par' dir='ltr' id='par_1_3' title="bbox 0 0 1472 4600">
     <span class='ocr_line' id='line_1_33' title="bbox 0 0 1472 4600; baseline 0 0"><span class='ocrx_word' id='word_1_218' title='bbox 0 0 1472 4600; x_wconf 95' lang='lat' dir='ltr'><strong> </strong></span> 
     </span>
    </p>
   </div>
  </div>
 </body>
</html>
