2917 4600
261 173 337 245 770
575 185 717 241 arnna
744 185 1003 244 sncuanos.

124 363 128 380 ’
260 355 482 443 paternos
516 341 639 416 deos.
697 342 804 417 [llam
842 365 930 417 vero
964 358 1141 442 paternae
1172 354 1346 440 necessi-

261 464 399 537 tudinis
430 463 645 558 religionem
681 463 814 537 Graeci
848 485 922 537 non
949 467 1070 541 solum
1096 475 1203 546 θεῶν
1228 501 1340 575 γενε-

259 584 382 661 θλίων
421 581 488 656 sod
522 585 635 655 cnam
670 584 760 669 Διὸς
790 587 987 688 γενεθλίου
1021 589 1172 662 nomine
1206 607 1341 663 corme-

259 714 417 778 crarnnt
444 702 659 776 Plutarchus
688 703 855 778 Amttor.
882 704 966 779 XX.
995 705 1059 781 53.
1085 707 1239 815 Trxu·
1267 743 1343 814 7⁰·
1393 765 1399 776 .

258 828 355 903 νίιον
381 826 476 926 ἀρὰς
501 824 521 901 e‘
549 827 749 910 Γενέθλιος
774 823 902 902 διώκει
925 828 990 904 ιιοιὶ
1013 832 1160 927 μέτεισι.
1194 830 1340 904 Hiem-

257 966 394 1039 nymus
419 943 505 1018 adv.
530 941 654 1019 lovin.
680 944 722 1018 L.
749 945 776 1017 1.
801 943 884 1021 iul.
913 943 954 1019 Τ.
976 945 1038 1020 IV.
1063 948 1341 1025 Μαντίου..Κί-

259 1065 416 1139 diculc
442 1061 740 1165 Chrysippus
765 1065 1022 1142 ducendam
1047 1089 1240 1144 uxorem
1265 1091 1337 1146 sa-

258 1168 414 1282 pienti
449 1188 685 1282 praecipit
717 1207 772 1258 nc
806 1185 971 1262 lovem
998 1185 1261 1262 Gamelium
1287 1205 1334 1263 ct

259 1304 558 1376 Genethlium
584 1301 757 1393 violem
782 1306 876 1376 isto
903 1304 1022 1375 enim
1049 1301 1185 1377 modo
1206 1306 1336 1401 apud

258 1423 452 1498 Latinos
479 1422 692 1496 ducenda
717 1445 834 1497 uxor
860 1443 950 1496 non
970 1424 1086 1516 eric,
1120 1426 1228 1520 quia
1253 1422 1336 1498 lo-

256 1565 359 1619 vem
386 1565 475 1617 non
501 1541 673 1616 habent
691 1540 983 1640 Nuptialem;
1008 1563 1081 1639 qno
1102 1543 1217 1616 modo
1238 1544 1337 1618 Por-

258 1665 413 1761 phyrius
440 1663 509 1759 Ep.
537 1651 595 1734 atl'
610 1662 773 1736 Marcell.
801 1687 829 1734 c.
851 1664 895 1736 ii.
914 1662 1001 1738 282.
1029 1662 1141 1739 Orell.
1170 1661 1334 1738 dicitas

257 1785 346 1868 τους
370 1782 586 1885 γενεθλίους
620 1782 736 1865 θεοὺς
762 1783 1073 1880 ἀπομειλίξασθαι
1081 1840 1095 1873 ,
1122 1784 1222 1880 quod
1248 1805 1334 1858 nta-

257 1904 472 1976 trimonium
499 1902 593 1973 inire
620 1899 820 1995 defugeret.
867 1898 1196 1991 Quemadmodum
1215 1906 1333 1999 igitur

256 2022 402 2120 Jupiter
427 2021 637 2119 Hospitalis
663 2017 720 2094 fas
746 2020 936 2118 hospitum
962 2034 1105 2112 tuetur,
1134 2024 1221 2117 jura
1246 2047 1325 2098 ma-

255 2144 381 2220 ritalia
406 2139 641 2238 conjugalis,
666 2142 845 2214 honorem
872 2143 1002 2216 mricis
1028 2141 1195 2216 debiturn
1221 2141 1330 2222 Ami-

258 2266 365 2352 calis,
391 2264 443 2336 sic
468 2263 646 2360 pictatem
673 2274 709 2336 et
737 2255 923 2358 justitiam
948 2255 1128 2339 iuvemus
1153 2277 1328 2362 parentes

256 2386 407 2459 nominc
445 2381 552 2457 lovis
591 2384 793 2461 Γενεθλίου
835 2394 945 2480 atque
984 2385 1097 2457 etiem
1134 2384 1327 2485 Hesperien

258 2504 493 2598 designarunt
518 2513 599 2574 tum
626 2504 691 2576 alii
716 2502 941 2576 Graecorum
967 2516 1047 2575 orm
1075 2505 1186 2579 etiem
1212 2494 1328 2578 Athe-

256 2627 412 2697 nienses,
447 2617 562 2716 Cujus
586 2634 810 2719 pervagatae
834 2618 1104 2697 chremetem
1128 2626 1328 2699 immernor

258 2745 445 2817 Porsonus
486 2739 536 2813 ad
576 2734 674 2814 Med.
710 2742 819 2816 1314.
851 2744 962 2815 hunc·
978 2740 1112 2818 lovem
1145 2745 1326 2819 Patroum

258 2862 429 2936 omnibus
461 2861 604 2936 viribus
636 2863 784 2938 Atticae
808 2861 941 2936 linibus
969 2867 1212 2938 exterminare
1234 2866 1326 2938 niti-

106 3066 109 3071 &
257 2996 335 3071 tur,
369 2982 601 3057 Scholiasten
625 2982 904 3081 Aristophanis,
939 2985 1002 3078 qui
1027 2983 1136 3078 hujus
1160 2987 1327 3057 norninis

257 3122 364 3173 usum
404 3102 690 3175 Atheniensibus
738 3106 887 3189 asserii,
943 3102 1111 3199 iniringlt
1157 3104 1324 3178 Platonis

255 3223 492 3311 auctoritato,
526 3222 596 3295 hoc
629 3224 752 3320 ipsum
786 3214 954 3318 negantis
986 3226 1026 3294 in
1058 3225 1221 3319 Ernhyd
1244 3224 1324 3296 elio

256 3338 405 3437 quidem
445 3343 527 3414 loco
569 3340 703 3415 lovem
735 3343 841 3416 illurn
874 3364 897 3415 a
932 3342 1083 3417 Platone
1114 3345 1222 3440 Legg.
1252 3343 1323 3419 tx.

237 3461 342 3549 eol.
388 3463 573 3535 nominari
624 3462 689 3534 sed
736 3473 776 3536 in
820 3462 961 3558 legibus
1007 3467 1180 3538 nimirum
1229 3466 1324 3538 dctis

254 3580 480 3677 reipublicae
520 3583 626 3653 lictae
671 3585 924 3682 praescriptis3
977 3582 1148 3680 Tragicos
1194 3598 1324 3657 autem

255 3684 492 3775 emissionem
545 3704 725 3797 corrigere
777 3707 966 3801 cupientes
1018 3707 1091 3781 Δία
1142 3714 1322 3804 πατρῷον

253 3841 366 3918 saepe
397 3822 609 3915 ingessisse,
662 3845 816 3922 eamque
850 3827 1070 3899 sententiam
1107 3838 1165 3898 sat
1194 3824 1323 3897 rheto-

251 3940 325 4010 rice
339 4014 343 4023 ,
358 3949 572 4015 exornatam
606 3947 771 4041 scquimr
803 3943 1042 4021 Heindorhus
1077 3944 1127 4018 ad
1152 3942 1316 4035 Euthyd.
