2917 4600
548 229 821 286 orestes.
1142 216 1214 294 861

141 402 277 461 nomo
313 396 508 482 pom
543 406 592 459 es
627 387 732 461 orum
766 387 999 486 uuqmnru
1034 394 1215 467 umens

141 503 462 579 exterminandum
488 516 556 579 est
607 503 708 595 Quid
732 506 835 580 enin
855 520 986 609 pomus
1011 512 1213 586 ssistunus

141 647 224 717 eos,
260 626 341 722 qui,
377 627 410 698 si
434 623 636 700 verborum
660 626 855 701 involucra
887 640 925 701 et
949 629 1211 726 phantasmata

139 746 340 841 Hcyniane
374 745 502 835 tollas,
544 745 639 819 nihii
674 766 837 843 unquam
872 746 1065 844 dixemnt,
1108 749 1209 847 quod

138 888 215 941 non
240 863 353 939 hodie
378 888 402 939 a
426 865 658 963 philosophie
684 865 759 939 dici
784 867 926 964 possiti
969 867 1084 967 Apud
1100 866 1208 944 Clau·

139 984 293 1062 diaeum
317 980 427 1082 Rapt.
441 982 470 1058 1.
495 978 582 1059 254.
609 980 680 1058 dea
704 982 909 1084 parietibus
932 984 1207 1064 munitissimae
1360 1000 1364 1007 ’

139 1108 273 1183 domus
299 1105 538 1180 circumclusa
562 1117 709 1204 tempus
743 1104 907 1181 texendo
933 1106 1049 1206 pallio
1081 1106 1207 1184 tradu-
1281 1128 1286 1137 ·
1312 1116 1316 1129 ’

137 1231 213 1320 xit,
238 1225 338 1326 quod
362 1227 474 1300 matri
499 1225 678 1300 destinat:

66 1382 70 1391 ⁴
223 1385 283 1445 llio
303 1385 509 1443 elementorum
530 1384 633 1443 seriem
654 1382 793 1461 sedesque
816 1394 952 1462 pstemu

224 1486 382 1568 insignibat
402 1506 467 1561 scu,
488 1495 618 1545 veterem
638 1504 695 1564 qus
715 1488 782 1566 iege
802 1488 954 1547 tumultum

224 1589 361 1649 disemrit
381 1599 486 1648 ustura
506 1607 611 1666 petens
633 1596 687 1652 ets.

138 1722 263 1814 Quum
297 1743 387 1796 vero
414 1714 640 1795 Claudianus
672 1688 841 1819 pluribus
872 1722 965 1796 iocis
997 1710 1204 1797 fabularum

138 1842 382 1943 Orphicurum
409 1841 670 1915 conscientiam
696 1834 886 1932 ostendat,
911 1840 1011 1916 subit
1032 1844 1205 1940 stupido,

136 1958 238 2037 idem
274 1974 339 2036 eut
370 1958 492 2035 simile
524 1954 713 2059 quoddam
748 1972 916 2035 texturae
948 1974 1205 2057 argumentum

138 2082 186 2158 ab
213 2078 363 2181 Orpheo
389 2079 567 2155 traditum
593 2096 674 2152 esto
699 2078 812 2178 idque
837 2100 964 2155 ansam
992 2080 1204 2179 praebuisse

137 2203 412 2280 Platonicorum
449 2202 688 2290 commentis,
739 2221 836 2298 quae
869 2199 1019 2298 Orpheo
1054 2222 1103 2271 ne
1137 2222 1205 2296 per

137 2327 323 2405 somnium
349 2321 497 2420 quidem
516 2315 563 2395 in
589 2332 752 2395 mentem
773 2330 962 2397 venerunt.
1013 2317 1203 2393 Diodorus

138 2446 182 2519 V.
215 2445 251 2518 3.
285 2441 544 2540 Proserpinam
581 2439 648 2515 ilio
682 2453 868 2539 tempore,
904 2461 977 2538 quo
1013 2461 1098 2514 cum
1132 2435 1204 2513 Mi·

135 2588 253 2641 nerva
278 2576 316 2637 et
339 2560 464 2636 Diana
488 2557 590 2661 apud
614 2559 760 2636 Ennam
785 2570 935 2636 versata
959 2572 1027 2650 est,
1050 2559 1203 2659 peplum

136 2685 225 2762 Jovi
249 2686 409 2758 texuisse
433 2681 633 2782 narrat[⁰]‚
658 2683 718 2756 cui
732 2681 903 2758 Minerva
928 2681 1041 2754 etiam
1066 2702 1126 2777 ap.
1144 2677 1202 2751 Si·

137 2806 293 2881 donium
332 2800 454 2877 Carm.
488 2799 570 2877 XV.
605 2798 692 2876 354.
726 2801 870 2902 peilam
905 2793 1071 2874 elaborat
1109 2798 1203 2872 coeli

138 2927 323 3023 marisque
365 2907 520 3022 picturis
562 2922 714 2996 mirilico
751 2922 935 2997 variatam
972 2919 1205 3017 similemque

136 3045 319 3145 sigillatae
345 3041 551 3138 chlamydi,
576 3065 686 3141 quarn
709 3039 928 3116 Plutarchus
952 3042 992 3114 in
1016 3031 1105 3114 Vita
1127 3037 1203 3113 De·

139 3168 263 3242 metrii
288 3190 317 3239 u
342 3161 440 3237 th
454 3159 658 3261 'describit,
695 3170 854 3264 εἴκασμα
876 3167 945 3241 τοῦ
971 3160 1115 3263 κόσμου
1139 3161 1203 3238 καὶ
1250 3245 1267 3258 .

138 3299 218 3366 τῶν
241 3290 320 3366 κατ’
348 3285 514 3387 οὐρανὸν
539 3278 842 3388 patoous's‘mrffl.
880 3281 941 3357 De
965 3281 1098 3380 quibus
1124 3303 1203 3353 om·

139 3405 248 3480 nibus
273 3407 393 3481 multa
417 3405 625 3480 sublimiter
657 3416 695 3477 et
725 3403 913 3499 ingeniose
944 3400 1066 3475 dicore
1097 3412 1203 3499 pote·

86 3621 89 3626 ·
225 3626 253 3694 ο]
272 3624 479 3680 crnumvt
498 3620 1201 3691 immnumuantsasememuprgr.

243 3733 251 3749 .
268 3695 293 3750 8.
310 3697 440 3750 texentem
456 3696 564 3753 inducit.
606 3695 716 3750 Peliiunr
735 3714 752 3748 u
767 3695 887 3749 blinem
903 3694 1077 3755 elebormum,
1100 3690 1134 3744 ds
1151 3707 1202 3760 quo

140 3765 256 3818 brevius
271 3763 394 3833 Orpheus
409 3767 474 3834 Arg.
491 3766 551 3820 684.
569 3767 674 3837 copiose
689 3767 783 3819 scribit
798 3764 948 3837 Apellomus
964 3765 986 3817 l.
1004 3761 1064 3817 722

211 3865 250 3940 [ὖ]
269 3869 303 3923 si.
322 3866 415 3921 Tsetn
433 3868 501 3921 ctu.
518 3869 541 3922 Ι.
558 3870 618 3923 812.
635 3870 668 3923 de
685 3870 846 3924 Antisthenis
861 3869 1003 3938 aybertus
1020 3865 1202 4000 peliiospppptd
1349 3879 1359 3904 ι

140 3940 209 3994 iden
225 3938 404 4065 mo
428 3937 577 3994 Athenaeus
593 3939 655 3993 ΧΠ.
671 3935 733 3993 541.
750 3939 782 3992 A.
798 3956 832 3993 ex
850 3937 989 3994 Aristotele
1005 3936 1126 3991 cedens

139 4010 208 4066 unde
397 4023 488 4063 nem
503 4008 550 4063 llio
565 4010 623 4065 isso
639 4010 831 4066 mundun
