2917 4600
483 219 830 275 nesusrnrr.
1040 240 1046 247 ·
1109 201 1192 281 ,171

125 383 319 461 condirent
336 379 599 456 condimentol
625 379 764 453 Verum
785 377 882 451 illud
895 379 1071 478 palmare,
1097 377 1199 476 qnod

126 509 242 581 etiam
281 503 486 577 aleatorum
525 501 781 574 instrumentis
812 510 957 573 tantum
989 498 1198 572 babuerunt

124 627 325 713 honorem,
356 634 400 695 ut
431 622 580 696 alveum
607 620 738 695 mundi
762 622 961 716 imaginem
984 642 1200 717 repraesen-

124 758 207 819 tare
233 744 409 832 dicerent,
434 742 650 817 turriculam
676 743 910 828 firmamenti,
936 751 979 813 ut
1003 739 1198 815 duodecim

125 878 235 965 septa
273 866 558 963 aequipararent
594 863 709 958 signis
754 860 993 951 coelestibus,
1036 862 1199 959 planetis

125 986 297 1061 fritillum
324 996 362 1057 et
387 995 533 1083 septem
559 982 727 1056 calculos
753 1006 790 1058 v.
819 981 922 1056 Suid.
945 1003 975 1057 s.
1004 981 1136 1083 Τάβλα
1162 993 1201 1056 et
1330 1060 1335 1071 ¹
1363 1034 1367 1041 1

125 1107 257 1180 Kuest.
315 1102 425 1194 Quod
451 1105 484 1177 si
508 1103 748 1198 intelligimus
774 1105 871 1177 enea
893 1125 952 1176 res
977 1104 1080 1179 leves
1104 1101 1204 1176 ludi-

125 1249 282 1325 crasqne
306 1236 383 1299 tam
407 1227 543 1299 misere
568 1221 745 1296 sudatum
771 1245 862 1315 esse,
886 1236 1065 1321 quantum
1091 1221 1201 1300 onae
1305 1248 1308 1255 ·

126 1348 205 1437 his,
231 1369 326 1444 qnae
349 1346 502 1419 honoris
528 1342 685 1418 deorum
709 1345 981 1418 immortalium,
1001 1367 1113 1420 eausa
1136 1348 1203 1420 fie-

127 1479 224 1557 rent,
248 1465 478 1566 impendisse
501 1462 741 1539 existimandi
764 1477 863 1556 sunt,
888 1489 937 1539 ne
956 1464 1046 1564 qnid
1061 1477 1202 1539 temero

128 1584 363 1679 instimmm,
401 1610 451 1661 ne
489 1584 580 1686 quid
611 1608 746 1685 parum]
781 1583 957 1659 doeomm
988 1586 1203 1662 videreturl

130 1707 282 1782 Etenim
319 1710 361 1781 in
401 1726 611 1799 commune·
637 1709 766 1804 opinio
795 1706 968 1794 valebat,
1001 1729 1115 1804 quae
1147 1707 1203 1780 ab

131 1826 400 1902 hominibus
440 1830 737 1925 maximeque
774 1825 824 1897 in
862 1849 911 1898 rs
950 1829 1205 1903 sacrafie-

132 1960 253 2039 rent,
299 1969 406 2022 snas
448 1946 620 2021 dobere
659 1967 820 2020 eansas
854 1945 1028 2021 habere
1062 1948 1202 2025 Arnob.

132 2067 214 2141 vll
248 2064 310 2141 25.
349 2066 449 2141 unde
488 2068 626 2143 factum
661 2080 705 2142 ut
735 2068 804 2141 illa
835 2066 1055 2163 aetiologian
1090 2071 1205 2162 labes,

132 2196 251 2262 totam
277 2188 535 2286 antiquitatem
559 2200 783 2287 pervagata,
808 2190 848 2261 in
872 2187 944 2262 hoe
968 2213 1101 2284 genere
1125 2214 1206 2287 gra·

132 2311 287 2384 vissime
311 2321 477 2404 grassata
499 2313 559 2384 sit.
586 2309 660 2383 Sed
685 2310 726 2384 id
753 2331 898 2407 quoque
919 2310 1060 2408 aliquot
1080 2333 1207 2386 exom-

134 2430 210 2527 plis
242 2429 446 2503 illustrabo.
505 2428 726 2528 Quanquam
757 2428 970 2504 hominibus
1003 2432 1096 2505 nibil
1128 2433 1207 2506 lere

135 2549 287 2623 luminis
313 2550 490 2650 adspectu
517 2548 769 2628 delectabilius
788 2573 870 2625 esse
893 2553 1000 2643 solet,
1025 2556 1208 2629 omnium-

135 2691 207 2767 que
232 2671 396 2766 gentium
421 2671 626 2772 λαχναψίαι
651 2682 690 2743 et
706 2673 1036 2773 λαμπαδοδρομίαι
1051 2698 1209 2749 noscun-

136 2801 209 2878 tur,
235 2802 360 2863 tamen
385 2794 524 2888 reperti
549 2801 647 2882 sunt,
673 2794 739 2889 qui
762 2793 854 2866 haee
878 2792 1022 2869 ludicra
1045 2794 1095 2868 ad
1115 2797 1210 2894 phy-

137 2909 333 3005 siologiam
375 2911 618 2985 traducerent
663 2909 922 3004 cleomedes,
965 2926 1010 2988 ut
1043 2917 1209 2993 notiores

137 3042 386 3128 praeteream,
425 3033 584 3130 ᾔδεσαν,
627 3034 765 3131 inquit,
806 3035 870 3111 καὶ
900 3038 937 3112 οἱ
968 3036 1210 3119 παλαιότατοι

139 3161 218 3229 τῶν
243 3162 416 3253 φυσικῶν
441 3153 499 3229 ὅτι
526 3152 599 3229 ἀπὸ
626 3162 695 3230 τοῦ
720 3153 826 3251 ἡλίου
851 3156 875 3251 ἡ
901 3154 1031 3254 σελήνη
1058 3161 1101 3236 od
1129 3172 1210 3262 φῶς

142 3272 236 3367 ἔχει,
264 3272 317 3357 αἶς
341 3270 457 3368 δῆλόν
482 3276 585 3350 ἐστιν
609 3278 650 3350 ἐκ
673 3275 745 3371 τῆςΔ
764 3277 1004 3380 ἐτυμολογίας
1028 3289 1098 3357 τοῦ
1123 3282 1212 3360 ὀνό-

140 3420 334 3488 ματος-
358 3393 422 3469 καὶ
454 3396 494 3469 ἐκ
526 3402 596 3471 τοῦ
627 3395 880 3473 ἐπιδίδοσθαι’
898 3397 1019 3497 δᾷδας
1050 3409 1129 3487 τοῖς
1160 3409 1211 3489 εἰς

141 3510 189 3586 τὰ
216 3512 425 3612 {integulato
459 3519 610 3599 alsteden
642 3514 798 3592 Meteon.
831 3516 873 3588 L.
906 3518 950 3590 ll
979 3516 1012 3592 5.
1044 3519 1126 3594 135.
1153 3521 1210 3596 ed.

141 3627 232 3704 Bale
263 3631 364 3707 Istue
395 3644 454 3707 est
485 3637 633 3733 sapere!
664 3635 724 3708 De
756 3636 983 3712 solemnibus
1008 3638 1213 3736 Apaturiu-

11 3803 15 3810 «
141 3771 242 3841 rum,
275 3752 407 3849 quibus
439 3777 639 3853 puerorum
671 3760 825 3833 nomina
858 3760 898 3831 in
924 3759 1069 3834 tabidas
1095 3763 1212 3836 euda-

143 3868 235 3943 lium
274 3872 404 3947 reterri
438 3886 476 3947 et
505 3876 683 3976 rhapsodi
716 3878 765 3950 ad
796 3876 1079 3952 concertandum
1113 3904 1212 3956 eom·

143 3990 243 4064 mitti
266 3992 447 4083 solebant,
472 3997 525 4069 sie
550 4006 740 4091 argutatur
765 3999 940 4073 Proculum
964 4000 1006 4071 in
1018 3994 1115 4070 Tim.
1128 3997 1170 4072 L.
1183 4001 1212 4076 1.
