2917 4600
525 192 802 283 nuenton
1121 217 1196 294 σοι

122 385 195 487 μὲν
218 383 443 476 namur,
476 387 616 486 θέρους
648 384 689 465 δ’
723 388 985 492 ἐγρηγορέναι,
1020 389 1105 469 τότε
1129 393 1201 494 μὲν

121 504 535 607 κατανασμούς,’τότο
560 508 601 585 d'
628 506 837 613 ἄνογέρσας
861 506 1107 606 βακχεύοντες
1129 517 1199 593 αὖ-

118 637 179 730 τῷ
211 635 368 705 τελοῦσι.
420 626 744 734 Παφλαγόνες·δέ
768 626 1019 709 καταδεῖσθαι
1043 635 1107 710 καὶ
1131 665 1200 713 κα.

118 748 378 853 &olomundus
399 758 598 849 χειμῶνος,
623 746 714 851 ἤρας
740 748 784 826 δὲ
809 746 1048 828 truttmunt
1070 782 1198 854 φασιν·

118 886 217 965 quae
241 888 333 947 suus
356 891 383 942 n
405 868 592 944 moriendi
617 882 656 943 et
679 865 929 964 revivisosndi
952 870 1199 949 similitudine

118 988 293 1088 proxime
325 989 471 1064 obsunt
529 989 615 1065 Non
647 1010 800 1079 vereor,
832 991 1004 1088 inquam,
1036 1013 1084 1065 ne
1117 997 1198 1092 quis

119 1107 179 1183 bis
204 1107 385 1185 eduorum
410 1132 472 1185 me
496 1123 625 1186 matur
644 1113 882 1207 argumentis.
908 1093 1077 1187 Primum
1099 1118 1197 1190 enim

119 1250 196 1304 non
228 1230 386 1328 intelligi
420 1243 562 1330 pooest,
594 1252 662 1306 eur
691 1254 760 1306 eae
785 1242 931 1328 gentes,
952 1226 1091 1331 ‘quibus
1117 1257 1199 1309 coe

120 1352 199 1427 lum
233 1353 494 1444 mitissimum,
528 1355 661 1449 hyems
693 1352 917 1429 breuissima
949 1354 1042 1445 snit,
1082 1367 1198 1432 statas

120 1485 276 1549 naturae
316 1474 591 1550 vicissitudines
625 1485 703 1550 tam
736 1476 900 1571 graviter
932 1476 1113 1567 luxerint,
1155 1492 1199 1553 nt

119 1591 213 1668 deos
252 1596 357 1693 ipsos
395 1608 461 1669 aut
498 1607 628 1696 raptos
662 1607 728 1670 aut
760 1599 982 1669 interemtos
1010 1599 1197 1693 fingerent.

119 1712 269 1789 Deinde
300 1718 334 1790 si
366 1716 459 1790 haee
491 1717 625 1791 fuisset
645 1715 807 1812 'lugendi
833 1736 965 1807 musa,
991 1716 1132 1793 lustum
1159 1734 1198 1795 et

118 1833 298 1930 gaudium
343 1836 586 1936 aequabiliter
624 1839 713 1911 anni
754 1837 986 1936 temporibus
1027 1838 1197 1915 dividere
1236 1876 1241 1886 ·

118 1975 238 2055 neque
272 1955 408 2031 iisdem
442 1957 672 2031 solemnibus
706 1967 745 2028 et
777 1970 936 2030 mortem
971 1956 1127 2034 deorum
1160 1977 1199 2034 et

118 2076 160 2149 ln
184 2077 305 2150 vitam
327 2077 493 2151 redibam
516 2073 706 2148 celebrere
725 2073 951 2150 debuissent
1003 2079 1196 2154 Postremo

116 2192 208 2294 quid
242 2197 385 2287 obstat,
406 2196 618 2294 quominus
652 2196 797 2294 priseos
829 2197 1046 2271 mortalium
1081 2199 1197 2273 oredi-

119 2317 219 2392 disse
243 2327 431 2418 putemus,
458 2314 558 2413 quod
583 2315 736 2390 fabulae
760 2317 856 2390 istas
881 2340 973 2415 prae
997 2341 1039 2392 se
1059 2320 1196 2412 ferunt,

118 2451 266 2540 raptam
292 2460 374 2512 esse
399 2437 587 2527 Liberam,
615 2435 786 2509 occisum.
799 2436 1002 2533 Zagreuml
1027 2440 1087 2514 An
1108 2445 1198 2541 quie

118 2561 199 2633 flori
230 2581 305 2633 nou
332 2568 477 2657 potest,
509 2570 553 2630 ut
578 2555 671 2630 deus
695 2558 866 2655 rapiatur
890 2569 956 2642 aut
981 2559 1196 2634 occidaturl

118 2678 200 2755 Nae
239 2679 409 2752 omnium
448 2700 572 2751 rerum
612 2679 783 2772 ignarum
815 2700 895 2750 esse
929 2691 1096 2777 oportet,
1131 2685 1196 2780 qui

117 2801 259 2875 nudat
284 2820 520 2873 communem
546 2798 663 2872 tuisse
686 2798 803 2870 totius
829 2799 1060 2912 antiquitatis
1075 2803 1196 2899 opini-

117 2941 247 3012 onem,
271 2932 317 2994 ut
343 2918 434 2993 deos
457 2917 673 2992 homiuibus
698 2937 811 3015 qnam
835 2918 1047 2993 simillimos
1069 2920 1194 2994 crede·

117 3053 185 3117 ret
234 3040 363 3140 Neque
393 3040 482 3130 hoe,
516 3037 670 3137 opinor,
702 3051 841 3135 negant
869 3041 944 3116 viri
977 3040 1096 3130 docti,
1131 3043 1196 3139 qui

117 3185 165 3238 ex
195 3163 341 3238 imum
372 3157 583 3234 fabularum
607 3157 849 3234 multitudine
874 3181 986 3235 unam
1013 3173 1079 3235 aut
1104 3147 1196 3236 alte·

116 3303 197 3359 ram
223 3281 430 3379 symbolice
452 3281 689 3379 interpretari
714 3280 925 3376 dignantur,
951 3282 1017 3356 sed
1044 3285 1099 3356 ito
1111 3305 1196 3381 per·
1226 3293 1228 3296 ’

118 3401 263 3493 bibent,
295 3402 407 3495 hanc,
443 3423 555 3502 quam
589 3400 770 3491 dicimus,
810 3400 1079 3498 mythologiam
1113 3424 1193 3473 rem

118 3542 200 3594 osse
224 3525 325 3597 veris
350 3524 466 3615 falsis,
488 3525 584 3620 jonis
604 3521 711 3595 seriis
729 3519 950 3593 mirabiliter
969 3523 1194 3618 permixtum

119 3652 158 3715 at
201 3641 384 3741 Τυφῶνας
415 3642 761 3741 παλαπλοκωτέραν.
830 3637 1023 3713 Hactenus
1068 3652 1193 3714 mmen

33 3799 39 3808 ·
118 3762 264 3835 exorari
293 3782 369 3833 non
401 3773 621 3859 potuerunt,
652 3769 696 3832 ut
726 3757 836 3833 nobis
869 3759 1032 3855 aliquam
1065 3767 1194 3831 notam

118 3892 185 3956 ant
207 3879 373 3977 regulam
398 3879 605 3970 traderent,
626 3900 700 3978 qua
723 3878 996 3978 phantasmata,
1021 3887 1065 3951 nt
1089 3875 1193 3972 Hey·

117 4002 202 4077 nius
228 3999 412 4100 appellat,
438 4022 462 4074 s
486 3999 833 4099 philosophematis,
859 3995 1029 4071 fabulose
1054 3994 1194 4072 medita

889 4116 989 4193 44*
