2917 4600
424 214 435 234 .
489 175 837 233 sunusrsrs.
1129 168 1197 245 161

116 343 282 437 φοῦντες
326 333 422 435 μιτοί
469 365 572 423 τινος
616 338 818 438 εὐμουσίας
862 340 1200 446 ψυχαγωγούμνοι

121 460 221 555 ῥᾷον
247 451 387 551 ζητῶσί
408 484 449 531 τε
473 457 539 534 καὶ
564 457 763 558 εὑρίσκωσι
787 458 858 556 τὴν
882 458 1078 558 ἀλήθειαν,
1102 466 1139 540 οἱ
1157 464 1200 540 δὲ

120 575 288 672 ἀμαθεῖς
319 573 373 674 μὴ
397 588 666 678 καταφρονῶσι
679 576 839 656 τούτων
863 573 919 657 ὧν
944 582 989 657 οὐ
1014 580 1201 663 δύνανται

120 694 300 771 συνιέναι·
327 693 391 770 καὶ
414 687 489 798 γάρ
516 696 595 774 ἐστι’
612 728 692 784 παις
710 698 754 775 τὸ
774 696 847 799 μὲν
865 699 914 777 δι’
933 701 1113 789 ὑπονοίας
1133 731 1199 803 ση-

115 811 353 914 μαινόμενον
378 816 560 919 spaerae,
586 818 630 895 τὸ
657 817 699 896 δὲ
720 828 896 920 φανερῶς
916 817 1119 925 λεγόμενον
1138 827 1199 901 εὔ-

117 935 219 1019 τελές
244 932 291 1006 de
316 932 429 1007 Hom.
455 935 571 1009 Poes.x
587 961 616 1010 ο.
643 938 704 1012 92.
730 961 767 1036 p.
798 936 907 1013 1131.
939 940 1069 1038 anue
1094 945 1200 1040 quasi

116 1051 269 1151 publica
299 1052 372 1132 suit
406 1058 617 1162 persuasio,
648 1059 691 1130 in
723 1059 829 1155 omni
854 1082 986 1154 genere
1012 1062 1198 1138 scribendi

115 1171 161 1245 id
191 1173 355 1245 maxime
386 1175 564 1248 excellere
589 1177 690 1275 quod
716 1178 930 1273 longissime
955 1182 1005 1254 sit
1030 1203 1054 1253 a
1077 1182 1199 1279 legen-

117 1295 216 1372 tium
240 1315 349 1367 sensu
377 1306 422 1368 et¹
439 1296 683 1392 intelligentia
708 1296 943 1393 disjunctum.
996 1298 1079 1390 Quo
1104 1303 1198 1376 nihfl

114 1415 332 1515 perversius
357 1414 458 1489 credi
483 1418 616 1515 potuit
668 1417 791 1492 Multa
813 1419 936 1493 inesse
960 1421 999 1491 in
1025 1434 1196 1496 veterum

117 1535 313 1610 literarum
359 1537 597 1624 monimentis
645 1536 695 1610 nd
740 1537 1020 1635 intelligendum
1062 1565 1195 1639 parum
1331 1553 1333 1560 ’

117 1666 251 1754 aperte
276 1657 553 1753 experimur'in
580 1656 773 1732 levissima
797 1681 944 1755 quaque
972 1682 1091 1734 causa
1120 1662 1193 1737 Sed

117 1778 304 1875 optimum
344 1793 527 1874 quemque
565 1778 804 1874 antiquorum
843 1780 1065 1876 scriptoram
1107 1805 1196 1881 ope-

115 1917 199 1969 ram
225 1894 372 1969 dedisse
398 1907 441 1969 ut
467 1894 621 1970 obscure
645 1855 834 1994 loquenlln
854 1900 1001 1992 ingenia
1016 1899 1193 1976 lectorum

118 2027 325 2115 torqueret,
351 2016 654 2113 perspicuitatem
680 2027 829 2108 autem,
855 2038 949 2115 quae
975 2030 1033 2092 cst
1058 2023 1191 2094 oratio·

117 2137 177 2210 uis
210 2138 329 2211 virtus
360 2132 593 2234 primaria[¹¹]
628 2136 701 2224 sic,
735 2145 779 2209 ut
803 2138 1017 2234 scopulum,
1041 2141 1194 2238 vitasse,
1256 2181 1259 2188 ,

117 2258 201 2355 quis
227 2254 378 2331 tandem
404 2252 587 2352 ejusmodi
613 2258 841 2351 argumentis
861 2254 1010 2330 credere
1032 2256 1192 2332 adduca-

88 2362 209 2466 'turs
232 2376 363 2475 quibm
396 2372 567 2450 Clemens
599 2396 689 2447 usus
722 2374 802 2451 esti
829 2373 903 2465 Qui
928 2375 976 2450 de
1000 2377 1111 2452 rebus
1125 2380 1193 2451 'in-

117 2498 274 2592 cognitis
298 2493 532 2571 tradiderunt
554 2493 656 2568 haud
681 2496 786 2593 prius
813 2495 923 2588 dicta,
947 2499 1058 2573 novis
1082 2521 1193 2581 uoca-

114 2616 221 2691 bulis
250 2629 288 2691 et
317 2617 443 2713 liguris
467 2616 629 2689 insolitis
654 2616 771 2689 aninri
795 2639 905 2691 sensa
930 2632 1193 2715 expresserunt

113 2758 191 2813 non
225 2739 313 2837 quia
343 2738 487 2811 nollent
519 2738 660 2834 paratis
694 2737 752 2810 uti
781 2736 850 2810 sed
881 2739 968 2835 quie
1001 2761 1079 2812 non
1102 2762 1191 2839 pos·

113 2870 209 2957 sent
261 2858 372 2931 Multi
392 2855 506 2957 ,apud
537 2857 710 2955 aequales
743 2859 938 2955 perspicue
971 2870 1009 2929 et
1032 2857 1191 2954 popula·
1341 2934 1346 2943 ,

113 2981 207 3077 riter
233 2977 379 3074 loquuti
402 2988 557 3075 propter
581 2978 704 3077 ipsam
726 2986 953 3052 vetustatem
974 2978 1097 3050 minus
1119 2979 1189 3050 mi·

113 3102 261 3196 nusque
294 3097 559 3194 intelligrmtur.
624 3097 676 3171 Et
714 3099 812 3170 inter
849 3096 935 3170 illos
967 3099 1092 3193 ipsos,
1126 3098 1189 3194 qui

116 3218 308 3292 obscurius
348 3220 575 3315 scripserunt
612 3240 721 3316 quam
762 3215 939 3290 deberent
970 3226 1009 3289 et
1040 3236 1189 3289 necesse

115 3353 213 3429 erat,
253 3338 348 3411 alius
389 3339 571 3412 concisam
604 3337 826 3414 brevitatem
859 3346 1088 3410 consectatus
1121 3347 1189 3425 est,

115 3458 212 3531 alins
251 3455 463 3532 reconditae
496 3458 665 3531 lectionis
698 3460 860 3555 speciem
892 3456 1098 3545 affectant,
1120 3468 1189 3528 'sa-

113 3577 279 3675 pientiae
317 3601 428 3653 nemo
467 3589 615 3677 praeter
653 3599 717 3650 eos
757 3580 841 3676 qui,
873 3578 907 3650 si
938 3573 1036 3649 clare
1066 3572 1188 3647 dicere

114 3719 210 3796 quae
234 3700 414 3773 sentirent
437 3700 653 3791 voluissent,
678 3697 771 3773 niln'l
796 3718 927 3796 sapere
951 3696 1025 3772 visi
1052 3702 1186 3766 essent

171 3899 226 3987 ,ul
245 3902 399 3958 οσαααω
423 3903 533 3960 maor.
559 3903 609 3959 m.
626 3862 653 3958 ιζ
669 3903 730 3961 sn.
756 3899 883 3976 eccm,
908 3898 957 3957 ος
978 3895 1018 3969 μ,
1036 3894 1128 3964 qm,
1153 3895 1187 3954 ,ὖ
1333 3896 1337 3901 .
1394 3897 1396 3901 .

113 3988 223 4039 ποιησει
238 3971 269 4029 τὸ
287 3973 385 4031 ἑαυτοῦ
402 3976 493 4047 ἔργον.
936 4056 980 4130 ll
