2917 4600
250 195 323 270 lot
399 248 403 260 .
549 194 961 264 'n1nnnnn1uus

248 379 334 443 ante
368 356 412 440 otw
438 388 557 465 paene
588 367 630 440 in
655 366 775 440 oeulis
800 368 969 465 ipsorum
994 375 1115 461 gestas
1139 365 1324 459 ignotam,

105 550 109 557 ,
247 499 392 562 mmm
426 485 499 560 sibi
531 498 722 582 arrogant,
754 496 797 561 ut
828 507 976 577 eorum,
1002 506 1097 582 quae
1122 506 1205 557 eum
1229 483 1324 581 ipsis

246 607 326 681 fore
349 603 564 680 hominibus
588 618 678 680 nata
701 616 801 698 sunt,
827 618 996 680 auctores
1014 606 1238 678 nominatim
1249 614 1324 676 tra-

12 732 17 741 '
111 726 114 731 ’
248 724 359 817 dant,
385 726 468 824 quis
494 725 636 821 fruges,
663 728 747 826 quis
772 737 887 817 teoto,
913 726 1199 825 quisvestitum
1219 724 1325 799 inve-

107 876 120 887 1*
246 847 361 936 norit,
402 856 638 945 caeteraque,
676 869 772 944 quae
803 848 1001 920 neeessitas
1032 845 1133 942 parit
1165 856 1204 917 ot
1227 865 1325 916 ustus

168 1058 188 1068 ,Δ
247 962 495 1074 quotidianus.
523 967 670 1042 Aurum
695 979 849 1041 narrant
873 965 921 1041 ab
947 965 1052 1039 Auro
1078 962 1242 1062 quodam
1267 965 1323 1035 in-

247 1096 401 1160 ventum
435 1107 517 1158 osse
550 1084 668 1182 [Fert.
691 1111 720 1160 s.
747 1092 800 1184 v.]
827 1098 972 1160 scutum
999 1081 1143 1186 (σάκος)
1169 1105 1193 1155 a
1219 1081 1323 1155 Sacis

248 1202 394 1298 [Treta.
419 1203 537 1299 Exeg.
563 1228 600 1303 p.
630 1207 687 1305 ll.
714 1207 852 1280 Zouan
866 1205 956 1279 Lex.
970 1226 1008 1303 p.
1027 1201 1153 1298 1626]
1180 1202 1326 1297 galeam

140 1347 147 1351 ·
243 1346 314 1411 ¹seu
347 1333 467 1421 κυνῆν
500 1346 523 1397 a
550 1321 654 1418 Cyne
680 1325 836 1423 [Aneod.
861 1325 978 1399 Bekk.
1004 1347 1042 1422 p.
1067 1322 1172 1419 274]
1197 1331 1325 1421 patro·

247 1453 378 1517 natum
411 1465 447 1516 a·
467 1442 626 1519 Patrone
659 1446 823 1544 quodam
857 1443 1056 1541 [Plutarch.
1088 1441 1134 1514 V.
1160 1441 1269 1515 llom.
1295 1465 1325 1514 o

252 1561 327 1659 lu]
354 1585 378 1636 a
402 1561 527 1637 Numa
551 1567 686 1639 numos
713 1567 856 1661 [Etym.
870 1563 968 1639 siud.
986 1587 1024 1663 p.
1038 1561 1143 1657 412]
1170 1584 1194 1635 a
1218 1561 1325 1634 Stoe-

250 1682 318 1756 eho
352 1682 544 1756 literarum
572 1685 757 1759 elementa
776 1682 941 1781 [Aneed.
965 1683 1082 1759 llekk
1098 1705 1145 1781 p.
1170 1681 1274 1778 790]
1301 1703 1327 1755 a

248 1802 389 1877 Belone
421 1824 548 1893 aoum,
580 1803 737 1879 deorum
770 1804 913 1879 cultum
947 1804 1007 1899 [τὸ
1032 1799 1273 1904 θρησκεύειν]
1301 1822 1326 1875 a

249 1921 465 2013 Thracibus,
492 1934 530 1995 et
555 1923 647 1997 talia
670 1923 879 2025 infinitam.
903 1923 982 1999 Nee
1005 1923 1151 1996 minore
1176 1921 1234 1995 illi
1259 1942 1325 1995 au·

250 2041 357 2116 dosia
388 2044 564 2141 cujusque
597 2045 747 2137 moris,¹
765 2068 875 2144 quem
900 2045 981 2118 vita
1004 2043 1199 2117 homiuum
1224 2064 1325 2115 wm-

249 2163 373 2236 munis
397 2163 460 2239 vel
486 2161 718 2260 quorundam
744 2164 1006 2260 ususgentilis
1030 2164 1212 2261 suscepit,
1239 2184 1324 2236 oau-

248 2305 329 2375 sas,
361 2305 452 2384 quas
484 2286 673 2376 nesciunt,
704 2287 863 2382 lingunt,
895 2286 978 2361 sive
1001 2285 1150 2385 potius,
1182 2293 1226 2378 ut
1257 2283 1325 2356 iln-

248 2428 334 2500 gere
366 2406 532 2503 possint,
552 2407 706 2480 nescire
738 2429 779 2480 se
804 2406 983 2481 simulant
1008 2427 1103 2505 quae
1128 2415 1215 2479 anto
1240 2425 1327 2478 oeu-

193 2535 199 2548 “
248 2525 307 2598 los
332 2537 428 2598 sunt
468 2524 654 2599 Volumen
679 2524 876 2626 complebo
901 2527 935 2601 si
960 2526 1105 2621 singula
1128 2525 1240 2620 huius
1265 2547 1327 2620 ge-

248 2648 348 2720 neris
372 2647 545 2744 persequi
570 2646 745 2738 voluer03
771 2669 891 2745 panea
914 2657 1043 2719 tamen
1058 2644 1228 2743 exempli
1243 2667 1328 2718 enu-

250 2788 293 2839 sa
317 2787 469 2863 ponam,
494 2787 540 2838 ea
563 2768 781 2864 praesertim
807 2766 941 2866 quibus
967 2766 1174 2840 etiamnum
1199 2762 1328 2837 docto-

139 2975 141 2988 Ι
250 2908 335 2958 rum
367 2884 550 2959 *nonnulli
588 2888 645 2960 uti
683 2888 806 2961 solutu
845 2897 1022 2985 tanquam
1060 2883 1111 2959 ad
1148 2884 1328 2962 historiae

250 3001 362 3077 fidem
400 3001 557 3078 traditis
627 3006 723 3081 Sunt
754 3009 886 3103 igitur,
924 3008 989 3105 qui
1019 3005 1152 3079 fibulas
1184 3023 1329 3093 aureas,

252 3145 344 3222 quas
368 3122 650 3199 Atheniensium
685 3128 721 3203 οἱ
758 3124 1004 3229 πρεσβύτεροι
1036 3124 1198 3228 crinibus
1230 3124 1329 3200 inse·

252 3266 335 3316 rere
366 3242 535 3318 solebant
567 3243 703 3319 ciendis
727 3246 890 3339 similes,
915 3246 1134 3341 symbolum
1157 3245 1329 3344 ipsorum

255 3376 358 3439 ortuss
392 3389 414 3437 e
447 3373 548 3437 terra
578 3364 696 3442 fuisse
728 3364 865 3459 veliut3
891 3366 958 3440 sed
983 3387 1162 3464 pennae
1188 3363 1329 3438 Gara·

326 3569 351 3638 [⁸
390 3569 499 3623 Potiora
529 3570 620 3624 horum
650 3571 699 3624 coll
735 3570 758 3624 't
784 3571 883 3625 Plinius
911 3570 945 3624 Ι..
966 3569 1029 3623 Vll.
1060 3567 1104 3621 56.
1137 3567 1238 3637 Hygia.
1261 3566 1330 3620 uno.

256 3639 355 3693 CCLX
419 3678 425 3691 .
448 3649 476 3693 et
498 3640 667 3694 ccuxxvt.
693 3589 813 3695 {froom
835 3637 1049 3696 soom.·1.tos.
1075 3638 1189 3706 (irogus.
1206 3639 1274 3692 Nos.
1293 3636 1329 3689 T.

255 3711 305 3763 111.
323 3729 349 3781 p.
368 3710 427 3762 100.
451 3714 479 3763 et
495 3711 686 3764 Grammaticus
708 3712 736 3763 in
753 3712 823 3765 Bibl.
842 3710 949 3765 Coislin.
972 3727 997 3779 p.
1015 3708 1075 3761 697.
1100 3709 1150 3761 seri
1169 3716 1241 3761 tores
1265 3707 1331 3774 περὶ

257 3776 418 3853 εὑρημάτων
434 3782 552 3850 sequuti,
576 3797 684 3849 quorum
701 3781 790 3850 plures
806 3784 924 3835 iueruuts
942 3778 1081 3849 Ephippus
1098 3727 1174 3831 sul.
1190 3795 1212 3830 s.
1229 3793 1255 3829 r.
1272 3775 1330 3827 Eu-

256 3852 313 3903 doe
331 3868 357 3920 p.
376 3848 435 3903 164.
449 3851 668 3920 Philostephanus
685 3850 761 3902 Serv.
779 3849 977 3920 Goorg.l.⁴19.
995 3849 1132 3902 Semnan
1150 3848 1244 3900 Athen.
1256 3844 1330 3902 XIV.

256 3918 319 3973 630.
344 3921 376 3973 Β.
393 3920 484 3974 Strato
502 3921 622 3973 Clemens
638 3919 734 3973 Suom.
751 3921 774 3974 1.
791 3920 852 3975 351.
875 3919 1022 3973 Simonides
1039 3918 1198 3988 geneslogns
1215 3913 1289 3968 suu.
1307 3930 1330 3971 s.

256 4007 283 4043 s.
300 3989 471 4043 Philoehorus
488 3991 524 4044 io
541 3989 742 4060 Theophrastus
758 4008 785 4045 v.
802 3989 907 4045 unua
925 3990 961 4043 Τ.
978 3989 1029 4043 ΠΙ.
1047 3987 1109 4043 449.
