2917 4600
264 183 291 262 4
620 193 765 252 umus
789 193 979 253 PRIMUS.

266 357 459 453 naufragia
478 357 663 429 *maxima
694 365 734 427 et
764 356 973 430 miserrima
1005 367 1341 455 praetenncantem

265 476 484 555 idemtidem
509 473 750 566 admonuere,
775 498 887 573 quam
912 475 1033 550 facilis
1058 478 1109 549 sit
1133 476 1183 551 ad
1202 478 1341 556 falsum

266 599 470 686 aberratio,
500 616 612 693 quam
644 616 720 667 non
751 594 871 667 facilis
905 594 954 669 ab
986 618 1112 669 errore
1141 621 1341 695 regressus.

266 720 405 794 Verum
430 713 529 792 unde
553 713 647 788 mihi
667 712 870 812 quaerendi
890 717 1035 791 occasio
1053 728 1144 791 nata
1159 731 1227 809 est,
1252 720 1342 795 inde

267 834 452 913 scribendi
477 834 631 913 ducetur
656 833 864 908 exordium.

366 955 503 1052 Magna
534 965 591 1029 est
625 953 727 1052 apud
759 965 888 1029 omnes
914 954 1188 1033 Eleusinlorum
1214 969 1341 1031 aucto·

266 1081 377 1167 ritas,
409 1074 577 1149 inclitum
602 1073 945 1171 Hierophantamm
971 1097 1126 1166 nomen,
1151 1078 1342 1177 praeclara

265 1198 455 1273 doctrinae
486 1196 665 1290 mysticae
698 1195 942 1283 existimatio,
973 1194 1140 1293 nihilque
1172 1209 1250 1272 tam
1281 1221 1340 1272 ar·

266 1318 383 1392 duum
419 1315 602 1411 cogitatu,
634 1323 712 1387 tam
745 1317 980 1410 magnificum
1012 1312 1114 1388 dictu
1145 1319 1340 1415 reperitur,

236 1436 367 1538 ‘quod
405 1457 482 1509 non
515 1435 630 1532 aliqui
661 1435 702 1505 in
736 1432 802 1507 illo
837 1434 1100 1530 augustissimo
1131 1448 1341 1530 mystarum

267 1578 441 1633 comeatu
467 1565 664 1627 tractatum
689 1565 831 1652 putent
884 1551 1007 1643 Quam
1033 1556 1248 1655 opinionem
1271 1581 1341 1657 pu-

264 1679 402 1753 blicam
439 1678 761 1769 inveteratamque
800 1676 833 1748 si
874 1672 1007 1749 tollere
1050 1677 1230 1768 conabor,
1263 1700 1340 1751 non

261 1802 342 1896 jam
375 1815 509 1873 vereor
540 1816 588 1866 ne
620 1795 840 1893 temeritatis
875 1796 1014 1867 cdmen
1040 1795 1209 1889 subeam3
1243 1796 1338 1871 adeo

264 1940 396 2016 graves
420 1915 514 1989 mihi
539 1912 702 1987 suntad
727 1926 857 1988 contra
880 1913 1077 1990 dicendum
1102 1930 1142 1990 et
1167 1920 1341 2016 copiosae

265 2038 446 2125 rationes,
472 2032 568 2107 adeo
593 2044 729 2128 magna
756 2047 813 2109 est
838 2036 1006 2131 quaestio
1031 2038 1126 2135 ipsa.
1184 2034 1280 2111 Nam
1306 2038 1340 2110 si

264 2160 331 2232 illa
359 2157 506 2244 valent,
545 2155 587 2226 in
618 2174 758 2226 vanum
790 2154 956 2229 recident
989 2158 1132 2248 omnia,
1165 2180 1259 2254 quae
1277 2156 1341 2229 de

264 2280 409 2380 priscae
435 2274 614 2370 Graeciae
646 2275 750 2356 victu
782 2286 821 2347 et
846 2276 1032 2368 moribus,
1066 2275 1114 2350 de
1139 2278 1256 2353 initiis
1281 2300 1340 2351 ar·

265 2400 380 2486 tium,
404 2395 661 2494 imprimisque
687 2392 735 2466 de
759 2395 1020 2496 philosophiae
1044 2422 1127 2473 sero
1153 2411 1239 2474 ortu
1261 2398 1340 2472 len·

266 2529 380 2614 toque
410 2536 609 2614 progressu
640 2516 870 2610 accepimus,
894 2539 1015 2615 neque
1039 2520 1096 2609 hi,
1128 2522 1194 2617 qui
1218 2520 1341 2593 hacte-

266 2658 337 2709 nus
362 2632 494 2707 crediti
519 2644 627 2720 sunt,
652 2632 734 2705 veri
758 2634 1007 2729 investigandi
1031 2649 1199 2712 auctores
1224 2639 1340 2729 luere,

266 2753 346 2846 sed,
382 2774 474 2852 quos
498 2765 622 2827 nemo'
635 2753 842 2851 suspicatus
869 2767 959 2845 erat,
983 2759 1177 2831 sacrificuli
1200 2781 1340 2860 popae-

268 2898 349 2973 que.
400 2872 455 2947 Hi
486 2893 577 2950 vero
609 2874 643 2945 si
675 2874 804 2947 multis
837 2886 924 2948 ante
956 2873 1110 2950 Thalem
1143 2880 1276 2952 seculis
1302 2889 1340 2951 et

268 2992 338 3068 sub
369 2993 463 3091 ipsis
488 2993 725 3087 Pelasgorum
759 2998 896 3094 tesquis
929 2998 1097 3071 omnium
1123 3018 1340 3093 magnarum

267 3136 394 3188 rerum
426 3115 618 3187 scientiam
649 3118 865 3212 consequuti
897 3125 1002 3207 sunt,
1039 3116 1140 3191 haud
1171 3116 1340 3208 deerunt,

222 3255 227 3264 ·
270 3236 334 3333 qui
364 3235 459 3307 riuos
485 3253 632 3330 quoque
656 3233 704 3307 ab
730 3236 805 3309 illis
830 3238 1023 3310 institutos
1048 3249 1087 3310 et
1111 3237 1256 3312 fabrdas
1281 3239 1339 3312 his

270 3375 458 3428 connexas
490 3374 577 3426 non<
599 3376 646 3425 ex
676 3357 818 3454 specie,
851 3379 963 3455 quam
996 3379 1087 3456 prae
1129 3381 1171 3431 sc
1205 3359 1338 3453 lerum,

270 3471 339 3547 sed
382 3495 434 3548 ex
478 3487 670 3548 auctorum
711 3477 896 3574 sapientia
934 3476 1097 3573 judicari
1140 3478 1338 3577 postrdent

271 3591 378 3668 Unde
416 3593 581 3667 orienurr
611 3596 840 3691 suspiciones
873 3598 1179 3688 innumerabiles,
1221 3607 1339 3700 neque

271 3712 369 3788 ullru
400 3713 584 3789 ariolandi
612 3716 697 3787 linis
729 3727 795 3789 aut
826 3715 961 3791 modus
987 3721 1067 3794 erit
1117 3718 1216 3795 Nam
1240 3721 1338 3819 quia,

271 3831 362 3932 quid
386 3832 594 3909 sacerdotes
611 3834 788 3930 Pelasgici
813 3832 1016 3929 docuerim,
1040 3841 1220 3935 ignotum,
1243 3838 1338 3914 illud

269 3963 395 4048 autem
424 3956 541 4031 lixum
571 3965 767 4054 ratumque
799 3969 874 4047 est,
907 3960 1034 4033 omnia
1058 3960 1248 4059 praeclara
1272 3955 1337 4029 do-
