2917 4600
279 218 352 295 152
425 240 427 245 ·
630 231 774 287 monn
798 229 985 287 saluus.

276 393 448 490 sr’srpslat'oa
474 397 605 493 ἔνεμον
630 392 753 481 πλέον,
773 395 816 477 ,ἐς
840 390 883 468 (ll
907 391 956 467 τά
977 385 1168 490 Ἀρκάδων
1189 398 1346 490 προελη-

277 515 405 600 λυθὼς
444 511 626 612 πρόνοιαν
657 512 743 612 περὶ
774 513 902 589 αὐτῶν
933 506 1084 588 τοιάνδε
1116 506 1346 609 ἐλάμβανον,

271 631 452 730 Ἑλλήνων
476 634 565 719 τοὺς
589 632 856 731 νομιζομένους
881 628 1022 731 σοφοὺς
1040 628 1088 705 δι’
1110 627 1346 732 αἰνιγμάτων

199 841 202 846 ¹
274 752 339 828 καὶ
368 753 489 829 οὐκέτ’.
519 753 567 829 ἐν’
590 762 658 830 τοῦ
691 753 822 838 εὐθέος
854 752 972 857 λέγειν
994 747 1083 833 τοὺς
1109 745 1253 851 λάγους·
1279 751 1345 846 qui

273 870 377 943 loeus
411 873 595 968 imprimis
628 871 881 945 memorabilis
912 868 975 946 vel
1009 866 1058 940 ob
1083 889 1166 940 cam
1192 885 1345 942 cauum

274 987 374 1087 quod
405 990 490 1064 hinc
515 1002 620 1089 patet
644 990 919 1090 Hierophantas
944 987 1154 1061 Eleusinios
1180 985 1345 1062 adhaec

273 1111 520 1204 aenigmatum
560 1124 598 1184 et
636 1110 894 1206 allegoriarum
936 1107 1157 1181 diverticula
1192 1110 1343 1182 omnino

273 1251 350 1302 non
383 1231 607 1327 confugisse3
638 1253 725 1303 nam
752 1230 940 1327 Per-iegato
963 1242 1110 1317 noster,
1134 1249 1250 1325 quum
1275 1227 1345 1302 At-

274 1351 347 1422 tica
372 1349 558 1441 scriberet,
583 1354 847 1452 mysteriorum
868 1352 949 1446 jam
974 1369 1125 1426 consors
1149 1348 1268 1421 facms
1287 1358 1343 1420 ta·

253 1491 360 1543 -men
400 1469 446 1543 ab
480 1471 546 1544 illa
581 1474 804 1567 cogitatione
836 1472 944 1565 longe
976 1468 1113 1543 aberat
1171 1466 1344 1543 Aliorum

272 1600 396 1663 autem
423 1612 611 1665 saomrum
637 1592 845 1692 praefectos
868 1588 1118 1665 indubitatum
1145 1600 1201 1662 est
1224 1588 1345 1662 homi·

272 1707 369 1781 dolis
383 1737 386 1745 ·
401 1712 585 1805 majorum
616 1709 755 1784 fabulis
781 1724 819 1785 et
844 1711 1052 1786 cerimoniis
1078 1709 1169 1783 haec
1192 1707 1343 1803 symbo-

271 1829 364 1901 licae
390 1833 707 1926 interpretationis
733 1830 877 1928 spionia
902 1830 1144 1929 applicuisse,
1179 1831 1342 1926 primum
1422 1815 1428 1825 ’

270 1970 400 2045 parce,
427 1960 470 2024 ut
493 1949 660 2040 videtur,
684 1952 940 2049 restricteqne,
972 1959 1061 2049 post
1086 1961 1210 2022 autem
1235 1971 1342 2048 aper-

271 2070 355 2141 tius.
405 2070 468 2143 Illi
501 2068 650 2168 quidem
683 2069 952 2169 Aegyptiorum
977 2069 1070 2170 ἱεροὶ
1094 2068 1218 2175 λόγοι,
1250 2091 1342 2168 quos

269 2189 485 2264 Herodotus
526 2201 808 2282 commemorat,
853 2214 937 2264 mea
976 2188 1127 2287 quidem
1159 2192 1343 2264 sententio

211 2295 213 2303 ’
269 2332 345 2384 non
381 2312 457 2385 alte
490 2301 511 2389 e
542 2312 782 2411 philosophia
815 2310 883 2384 sed
914 2332 965 2385 ex
998 2310 1154 2385 historia
1188 2309 1342 2385 deornm

269 2434 420 2529 repetiti
444 2443 541 2506 sunt.
585 2423 699 2509 ’Διότι
730 2432 844 2532 με’ζον
870 2436 941 2530 ἔχει
965 2432 1008 2509 τὸ
1035 2432 1182 2510 αἰδοῖον
1206 2430 1226 2507 ὅ
1253 2429 1341 2508 Διά-

269 2577 384 2637 νυσος
408 2597 459 2608 -
486 2556 562 2629 ἔστι
589 2551 697 2656 λόγος
721 2553 805 2651 περὶ
831 2555 951 2630 αὐτοῦ
977 2552 1058 2654 ἱρὸς
1082 2549 1278 2656 λεγόμενος
1294 2552 1342 2625 lt

236 2700 246 2721 ·
269 2670 332 2743 48.
367 2693 476 2766 quem
510 2670 559 2743 ad
586 2669 752 2745 Osiridis·
775 2670 1015 2745 laniationem
1039 2682 1227 2770 spectasse
1250 2672 1347 2746 nlic-

117 2866 120 2875 k
270 2812 353 2863 rum
378 2791 601 2863 testimoniis
626 2800 782 2862 constat
820 2789 896 2864 Nec
919 2793 1043 2865 minus
1068 2792 1133 2865 ille
1157 2790 1205 2864 de
1222 2791 1343 2866 lesto-

269 2932 354 2983 rum
386 2912 526 3005 ignium
559 2912 679 2985 eansis
704 2912 751 2984 ll.
776 2911 839 2985 62.
891 2912 1020 3008 anue
1044 2935 1087 2985 re
1112 2910 1341 3001 Herodotus,

271 3028 437 3126 quaeda
463 3032 744 3116 cerimoniarum
770 3034 994 3128 argumentis
1021 3033 1174 3131 accepit,
1199 3031 1342 3136 ἀπηγή-

269 3180 371 3250 ματα
403 3151 570 3249 appellat
600 3164 775 3249 tanquam
805 3155 846 3224 in
871 3154 1109 3250 expositione
1133 3175 1255 3226 rerum
1281 3177 1341 3248 ge·

271 3279 413 3344 starum
439 3273 635 3369 positalL
662 3272 750 3370 3.[⁰]
803 3271 937 3346 Postea
969 3285 1092 3346 antem
1120 3272 1343 3347 evilescente

141 3462 144 3467 .
269 3388 479 3465 fabularum
518 3391 591 3465 lide
631 3394 751 3466 causis
790 3393 963 3485 mythicis
1002 3391 1225 3466 substitutae
1256 3405 1349 3473 sunt.

189 3514 192 3519 '
270 3511 475 3603 naturales,
505 3535 709 3610 vammqne
741 3510 836 3585 dixit
867 3513 1171 3587 mendacissimus
1202 3524 1342 3601 auctor,

271 3631 377 3704 Philo
401 3630 509 3724 Bybl.
537 3653 596 3729 ap.
622 3631 758 3704 Emeb.
783 3633 812 3706 L
838 3632 899 3706 31.
928 3637 965 3711 οἱ
988 3629 1167 3711 νεώτατοι
1190 3628 1270 3710 τῶν
1295 3636 1342 3708 is-

272 3750 440 3856 ρολάγαιν
473 3753 692 3855 ἀλληγορίας
724 3753 789 3829 καὶ
819 3750 971 3851 μύθους
997 3750 1255 3849 ἐπινοήσαντες
1279 3752 1356 3829 καὶ,

269 3879 346 3957 τοῖς
387 3879 576 3971 κοσμικαῖς
610 3871 816 3975 Ιπαθήμασι
857 3874 1075 3976 συγγένειαν
1112 3868 1342 3969 πλασάμινοι

179 3984 185 4003 ’
247 3980 249 3989 ’
341 4021 380 4089 [ο]
401 4022 944 4097 v.1soe11udxenopu.upnp.279.
