2917 4600
247 188 324 263 ³⁹2
563 199 708 257 urana
731 196 988 255 srcuuous.

250 376 467 458 expressum
492 364 619 454 putat3
645 351 747 453 quod
771 351 873 429 idem
897 352 1097 452 anquando
1116 349 1314 427 flenter·

251 478 399 555 husium
420 475 609 572 hrdlcassa
631 473 780 546 nuntiat
793 472 981 548 Amaldm
996 473 1045 547 de
1058 475 1143 548 Diis
1168 471 1314 573 paredr.

126 656 131 671 ,
253 596 438 673 αΧΧΠῑ
467 594 551 669 156.
576 593 781 692 Atquahis
806 590 1316 669 somniavirisfadlesub-

252 716 468 803 seriberem,
499 716 574 788 ,nisi
600 714 840 810 gravissimae
871 715 1034 789 rationes
1058 711 1098 787 id
1123 711 1224 810 quod
1248 734 1317 810 per

251 859 293 911 se
318 837 401 910 veri
424 835 546 913 simile
571 847 645 923 est,
670 833 807 906 falsum
831 854 912 906 esse
935 834 1211 923 eonviboorebt3
1242 833 1319 930 pri·

251 975 355 1028 mum
381 953 600 1043 verborum,
624 952 760 1051 quibus
784 953 918 1047 hymni
942 957 1103 1028 oontexh'
1122 967 1227 1042 sont,
1251 974 1318 1026 no-

235 1076 365 1163 'vitas
391 1071 525 1147 deiude
546 1074 673 1170 opicae
689 1071 838 1147 dialecti
851 1072 1036 1169 neglectus
1049 1074 1316 1173 perpeurus[⁰]‚

254 1192 356 1290 quod
390 1194 523 1267 viuum
554 1212 687 1266 vereor
725 1214 774 1267 ue
813 1191 1156 1291 reprehenderim
1190 1194 1318 1291 potius

133 1378 140 1394 ,
168 1406 171 1415 ¹
253 1312 366 1385 fuerit
391 1334 503 1409 quern
529 1308 804 1405 ostrigendum,
829 1324 1019 1409 postremo
1044 1310 1153 1402 baec,
1177 1310 1226 1385 tle
1244 1332 1320 1409 qua

253 1430 368 1507 modo
394 1430 492 1521 dixi,
524 1429 737 1526 iprrobilitas
761 1430 943 1505 horuncoe
976 1433 1191 1505 sarmium
1242 1410 1319 1504 aed
1435 1520 1437 1525 ¹

255 1548 304 1649 etl
338 1551 517 1626 oratiorris
549 1560 588 1622 et
610 1548 1115 1625 dialecticorriormatieuam
1139 1549 1239 1649 quod
1262 1562 1319 1623 at·

143 1698 165 1761 ἡ
256 1672 366 1760 tinet,
400 1689 460 1742 res
484 1668 651 1764 longiore
676 1669 928 1768 disputatione
952 1682 1052 1766 eget,
1087 1692 1198 1770 quam
1224 1691 1319 1768 quae

255 1788 327 1862 hoe
357 1788 440 1861 loeo
473 1786 648 1885 explieari
676 1792 808 1887 possit
860 1791 1026 1863 Tertium
1058 1801 1183 1863 autem
1214 1811 1320 1884 argu·

257 1919 424 1981 manaim
448 1908 489 1978 in
513 1907 677 2002 qualibet
702 1909 777 1982 alia
800 1932 912 1984 musa
942 1910 1062 1985 levius
1083 1908 1209 1984 videri
1232 1929 1319 2006 pos·

110 2076 115 2095 .
258 2040 333 2116 set,
356 2029 396 2099 in
421 2025 491 2099 hae
513 2029 772 2121 gravissimum
798 2042 864 2103 est
915 2028 1018 2119 Quas
1043 2029 1144 2103 enim
1167 2050 1244 2101 non
1265 2026 1321 2101 tli-

259 2169 342 2221 eam
362 2146 465 2242 justa
490 2145 558 2219 sed
590 2159 687 2222 oerte
718 2146 921 2227 tolerabilis
952 2150 1049 2222 ratio
1074 2150 1162 2245 hugi
1185 2160 1320 2248 potest,

260 2290 322 2341 our
353 2286 473 2363 neque
504 2265 739 2365 philosophi,
771 2291 889 2367 nque
922 2270 1169 2367 grammatici,
1203 2289 1321 2365 neque

259 2385 511 2480 Mythologiae
547 2399 797 2479 enarratores,
836 2411 955 2487 neque
989 2390 1057 2463 alii
1091 2390 1322 2486 antiquitatis

260 2507 480 2602 interpretes
504 2504 569 2589 {his
601 2528 764 2605 tunquam
796 2512 855 2582 usi
884 2510 961 2583 sint
990 2511 1192 2607 poematis,
1229 2528 1324 2605 quae

261 2620 387 2698 verbis
410 2622 571 2698 insolitis
602 2636 642 2698 et
671 2627 1008 2725 sesquipedalibus,
1040 2628 1234 2703 senuntiis
1259 2624 1323 2699 de·

264 2744 446 2832 cumanis,
470 2741 607 2818 sabulis
629 2746 830 2821 retunditis
855 2748 1072 2846 plauistima
1094 2753 1182 2821 mist
1206 2758 1244 2819 et
1265 2767 1323 2817 re·

264 2859 482 2949 fortissima,
517 2874 573 2952 et,
608 2864 709 2962 quod
731 2886 921 2941 summum
945 2880 1020 2958 est,
1053 2871 1090 2941 ei
1114 2862 1324 2940 adscribun-

265 2992 325 3052 tur
358 2983 498 3054 auetori
530 2983 593 3077 qui
626 3004 755 3060 omnm
787 2997 868 3062 tum
899 2989 1116 3085 antiquitate
1148 2996 1228 3058 urm
1266 3004 1326 3056 sa-

194 3099 198 3112 ‘
265 3099 407 3194 pientia
429 3101 570 3172 anteire
595 3100 780 3176 credituri
806 3105 991 3180 Gesnerus
1009 3104 1157 3202 quio·-
1181 3106 1222 3177 iu
1237 3102 1326 3176 Pro-

265 3216 356 3311 legg.
382 3240 419 3314 p.
444 3215 598 3292 XXVII.
635 3218 811 3315 Hymnos
836 3236 874 3296 et
899 3238 1031 3315 cetera,
1057 3246 1151 3322 quae
1175 3234 1326 3311 restant,

268 3358 343 3409 una
381 3334 595 3411 defensione
631 3341 872 3438 eomplexus,
924 3344 1157 3419 obscuritatis
1196 3363 1327 3415 eorum

268 3454 363 3529 hano
387 3454 493 3527 allert
516 3462 812 3536 cremationem:
849 3466 974 3536 ratio
1008 3476 1078 3537 est
1101 3465 1149 3535 in
1172 3482 1328 3558 prom·

269 3584 335 3662 tu,
371 3594 449 3646 cur
479 3578 627 3652 multa
652 3580 837 3677 quidem
868 3580 1087 3656 debuerit
1119 3601 1220 3653 esse
1245 3577 1328 3651 01-

269 3693 377 3789 phei
428 3694 549 3790 apud
598 3711 819 3794 posteros
868 3703 1066 3790 mentio,
1123 3701 1329 3773 earmina

272 3893 806 4024 de[1{12)2¹;8sffitlffl
779 3901 952 3955 rsoiiSeebd
976 3903 1072 3957 brerbi
1097 3903 1140 3955 hir
1165 3899 1329 3955 Philebum!
