2917 4600
520 204 868 261 sususrsrs.
1158 192 1230 267 201

156 371 290 445 stionis
329 367 582 442 emolumento
597 371 652 466 [Ἴ.
705 367 849 441 Omitto
883 374 1029 440 osemrs
1066 368 1234 441 testimo·
1265 366 1269 373 ’

154 492 230 580 nis,
256 490 315 562 his
341 491 453 563 enam
479 489 657 580 futiiiora,
683 488 817 586 quibus
841 489 903 563 vir
926 485 1057 560 doctus
1083 498 1121 560 et
1148 510 1234 562 sou·

158 625 219 685 tus
245 612 285 682 in
312 608 408 682 libro
436 632 624 705 anonymo
652 605 1041 683 Charsktoristik
1067 606 1147 682 der
1173 611 1235 683 sl·

158 744 237 804 ten
276 728 561 824 Mysterien‚
619 729 699 803 fiir
745 730 1086 823 Freymsurer
1136 729 1234 804 und

157 849 374 939 Fromde‚
399 849 559 947 Leipz.
587 850 697 925 1787.
723 872 813 924 usus
846 861 904 924 est
928 848 980 922 od
1004 849 1234 946 affligendam

157 973 421 1067 mysteriorum
462 971 622 1062 Γοιποιο,
673 983 712 1045 et
751 994 848 1071 quae
882 982 1076 1068 praeterea
1113 971 1235 1045 efferri

159 1103 318 1191 possunt
342 1094 382 1165 in
408 1093 625 1167 universum
653 1091 771 1181 dieta,
797 1091 902 1166 velut
925 1092 997 1165 boe
1014 1087 1234 1185 tisrysosto-

96 1310 101 1321 ,
159 1216 213 1287 mi
239 1213 302 1287 Or.
330 1212 377 1286 de
403 1212 442 1286 S.
466 1213 597 1307 Baoyt
623 1213 664 1285 in
689 1210 763 1319 Jni.
787 1236 827 1311 p.
854 1209 940 1286 558.
973 1212 1015 1285 Τ.
1042 1213 1088 1284 Π.
1121 1212 1236 1292 οὐδὲν

161 1338 289 1413 αὐτῶν
323 1333 597 1433 (paganorum)
632 1336 761 1435 ἕτερον
795 1333 843 1411 τὰ
875 1330 1065 1435 μυστήρια
1096 1334 1173 1409 ἀλλ’
1209 1331 1235 1429 ἢ

162 1460 293 1558 ἔρωτες
320 1458 453 1532 ἄτοποι
478 1455 543 1531 καὶ
567 1454 717 1533 παίδων
741 1454 869 1559 ὕβρεις
900 1456 964 1532 καὶ
988 1452 1126 1559 γάμων
1150 1454 1236 1531 δια-

162 1577 310 1680 φθοραὶ
344 1576 409 1652 καὶ
444 1582 574 1653 οἰκιῶν
609 1574 838 1676 ἀνατροπαὶ·
879 1586 958 1655 τῶν
993 1575 1068 1679 γὰρ
1103 1570 1236 1675 φόνων

161 1700 250 1784 τούς
275 1697 428 1783 σκαιοὺς
454 1696 637 1792 (καινοὺς)
662 1694 826 1798 τρόπους
851 1699 915 1777 καὶ
939 1696 988 1774 τὰ
1007 1705 1087 1774 τῶν
1104 1693 1237 1796 φόνων

162 1816 383 1921 ἀπορώτεροι
415 1818 550 1896 δεῖπνα
581 1816 719 1920 ἀφίημι
751 1827 826 1896 νῦν
858 1862 911 1875 ·-
945 1817 1156 1922 κακουργοῖ
1173 1817 1238 1893 καὶ

160 1936 291 2045 γόητες
315 1940 380 2016 καὶ
405 1940 529 2039 λοιμοὶ
553 1928 734 2017 οἷ’ταῦτα
759 1941 951 2026 τελοῦντες
976 1945 1063 2016 εἰσι·
1096 1949 1135 2010 et
1159 1935 1238 2011 Au-

161 2061 297 2154 gustini
328 2060 369 2131 in
403 2053 552 2147 Quaest
586 2084 608 2132 e
641 2060 723 2133 Vet.
750 2072 789 2133 et
813 2059 910 2134 Nov.
938 2059 1037 2132 Test.
1062 2061 1173 2132 mixt
1199 2082 1237 2155 p.

164 2180 247 2254 100.
281 2180 329 2252 D.
362 2180 403 2251 in
434 2179 609 2278 Append.
643 2182 686 2255 T.
701 2182 776 2254 1111.
812 2180 852 2253 P.
878 2181 924 2252 II.
959 2178 1017 2251 ed.
1048 2178 1236 2251 Benediet.

160 2301 337 2396 Pegasi
373 2303 603 2396 mysterio
642 2325 724 2375 sus
764 2305 813 2374 in
852 2298 1066 2373 tenebris
1113 2300 1237 2371 eele-

160 2421 318 2512 brant3
369 2421 651 2495 erubescunt
703 2423 825 2494 enim
868 2420 1021 2518 polam
1073 2418 1238 2510 iiludi3

163 2541 351 2637 piacula
375 2544 514 2633 onim,
551 2564 665 2641 quse
689 2542 795 2616 illio
819 2543 924 2617 viee
950 2540 1071 2636 logis
1098 2523 1235 2636 arun·

163 2673 258 2753 tur,
291 2633 456 2754 nobunt
487 2664 814 2755 manifestare,
846 2685 903 2736 ne
935 2661 1130 2736 hebetes
1165 2663 1239 2736 his
1332 2701 1337 2706 ·

133 2781 443 2874 uideantur,
476 2806 591 2881 quos
624 2786 801 2859 stultos
835 2793 1021 2859 vocent
1073 2781 1145 2856 His
1171 2783 1241 2877 igi·

161 2915 223 2975 tur
249 2903 459 3001 opprobriis
493 2917 650 3003 apparet
675 2906 952 2978 Eleminiorum
985 2902 1158 2998 dignitati
1183 2903 1241 2974 ni·

161 3024 215 3096 bil
242 3021 431 3119 derogari,
466 3028 604 3123 partim
639 3027 727 3122 quia
761 3028 936 3100 universo
969 3022 1017 3104 de'
1050 3024 1240 3117 mysteriis
1380 3045 1383 3052 ·

163 3142 264 3218 diets
289 3158 387 3237 sunt,
413 3148 473 3217 oui
498 3147 641 3218 nomini
668 3145 924 3219 diversissime
946 3166 1062 3232 sacra,
1087 3142 1241 3240 pubiios

163 3275 202 3337 et
225 3267 394 3362 privato,
428 3277 530 3340 casto
554 3267 769 3361 incestaque
794 3263 959 3360 subjecto
985 3286 1066 3336 esso
1091 3265 1241 3352 seimus,

40 3431 42 3434 -
161 3386 300 3484 partim
327 3388 414 3485 quis
438 3409 462 3460 a
486 3384 731 3484 scriptoribus
755 3383 994 3481 proferuntur
1019 3384 1242 3480 religionum

164 3508 440 3603 peregrinarum
474 3516 513 3577 et
539 3507 620 3602 jam
655 3506 955 3580 evanescentium
986 3507 1120 3605 parum
1152 3526 1241 3601 gna-

162 3627 236 3716 ris,
272 3630 411 3725 partim
444 3628 559 3700 etiem
591 3638 746 3724 propter
778 3648 967 3701 sacrorum
1001 3640 1040 3701 et
1063 3623 1242 3723 profano-

162 3768 248 3820 rum
283 3749 549 3823 oonfusionem.
601 3746 714 3821 Seors
755 3746 838 3822 dico
882 3772 976 3847 quse
1009 3768 1080 3846 pro
1120 3743 1242 3818 seluto

237 3884 276 3953 [ο]
295 3884 408 3937 Perinde
431 3888 516 3950 foret,
542 3885 564 3937 si
582 3885 641 3954 quis
658 3902 726 3954 quse
742 3885 841 3955 ubique
857 3886 891 3939 de
907 3882 1063 3940 ntunins'tis
1080 3880 1241 3951 Templnriis

166 3961 195 4006 et
217 3971 309 4008 rosseo
332 3956 418 4010 sruois
441 3956 566 4009 nstnbus
590 3974 637 4009 seu
653 3973 716 4009 vere
734 3963 889 4022 senseras,
912 3956 1011 4027 scripte
1028 3958 1089 4007 suot
1104 3969 1138 4007 es
1155 3952 1242 4007 omis

99 4104 106 4118 ⁶
134 4094 137 4102 Ι
166 4024 233 4078 siin
250 4025 418 4081 bstomorom
435 4027 604 4081 serventibus
621 4026 679 4082 fieri
697 4033 833 4081 statueret
