2917 4600
496 195 844 254 nnaus11s1s.
1136 186 1210 261 175
1330 146 1336 157 x

125 378 222 434 vero
247 358 460 455 primarum⁴
485 360 651 457 partium
676 358 864 432 actoribus
891 360 998 457 quasi
1023 358 1209 457 quaedam

123 489 257 552 mutae
281 498 464 576 personae
488 479 839 579 interponebantur,
863 479 1063 553 simulacra
1086 479 1210 576 lignea

124 600 379 701 stramineave
403 611 517 696 prout
535 600 693 674 facultas
708 600 834 689 ferret,
859 601 1091 698 exeuntem
1118 624 1209 700 qua-

125 720 176 792 lis
202 719 270 791 illa
293 720 335 791 in
347 718 605 794 Daedalorurn
627 743 770 820 pompa
791 732 899 796 vecta
917 719 1096 817 puellaris
1116 724 1230 799 imae,

127 862 189 935 go,
215 861 326 937 quam
352 836 536 915 doctiores
559 842 699 915 subeat
723 838 831 915 Jovis
863 840 1035 938 pellicem
1058 864 1208 940 repraea

127 968 277 1033 eantare
301 957 475 1033 dicebant
499 962 606 1036 Paus.
632 961 699 1035 IX.
726 961 761 1034 3.
788 960 922 1045 Adhuc
946 959 1060 1050 ferae,
1086 964 1120 1034 si
1146 983 1208 1035 co-

127 1083 196 1180 pia
221 1091 336 1171 esset,
367 1080 533 1156 humano
560 1085 698 1158 vestitu
723 1081 896 1172 indutae,
922 1083 1030 1154 utin
1053 1080 1208 1180 Apuleji

128 1223 272 1302 pompa
295 1200 320 1273 l.
347 1224 377 1274 c
420 1201 479 1275 Ht
504 1224 612 1276 ursa
636 1225 856 1278 mansues
883 1202 1014 1276 cultu
1039 1214 1207 1276 matro-

128 1322 228 1395 nali
254 1321 374 1395 sella
397 1321 687 1416 uehebatur,
720 1335 767 1399 et
791 1325 930 1399 simia
954 1322 1084 1423 pileo
1110 1344 1207 1399 cro·
1236 1348 1240 1359 ·
1272 1380 1285 1390 -

129 1444 348 1540 cutisque
383 1442 695 1537 Ganymedem
734 1443 1066 1545 mentiebatur.
1129 1444 1206 1520 De-

129 1565 241 1661 nique
257 1576 501 1662 neurospasta
522 1586 590 1638 seu
611 1566 804 1640 icunculae
825 1565 1058 1642 vertebratae
1080 1577 1118 1639 et
1138 1586 1206 1641 va·

128 1685 208 1756 riae
225 1681 453 1758 formidines
479 1685 631 1758 Festum:
659 1682 836 1764 Citeria
859 1687 1055 1783 effigies
1073 1707 1205 1784 quae·

129 1804 233 1878 dam
284 1816 450 1899 arguta
501 1818 546 1879 et
582 1806 763 1904 loquax
801 1806 999 1881 ridiculi
1038 1807 1205 1902 gratia,

128 1946 246 2024 quae
271 1924 320 1996 in
344 1946 516 2021 pompa
539 1926 651 2002 vehi
675 1927 820 2000 solita
844 1929 924 2016 sit,
950 1926 1055 2022 cujus
1079 1926 1206 2023 iptum

126 2065 282 2131 nomen,
315 2065 340 2115 a
373 2043 488 2118 verbo
522 2045 614 2135 cio,
647 2048 740 2119 cito
776 2045 1008 2137 derivatum,
1034 2047 1205 2123 oscillum
1294 2082 1300 2095 ’

125 2167 210 2240 sive
227 2174 511 2263 neurospastum
531 2166 735 2261 significare
753 2165 915 2242 videtur.
937 2166 1061 2239 Idem:
1086 2164 1205 2238 Man·

199 2370 239 2437 [1]
258 2368 423 2437 Hesychius:
440 2329 644 2442 {repperiatur
662 2365 774 2436 δίκηλόν
790 2390 817 2424 τι
834 2370 865 2424 ἐν
881 2368 965 2494 ioplrp‘¹
971 2361 1126 2440 πομπεύων
1139 2366 1203 2421 dal-

127 2457 223 2512 μονος.
244 2438 396 2492 Siebelisius
413 2444 552 2512 πομπέως,
571 2440 714 2494 Muellerus
731 2439 773 2493 Dc
790 2439 906 2496 Dorihus
965 2437 1051 2495 .ttt.
1068 2442 1204 2511 πομπέων

127 2509 264 2572 emendat3
285 2509 411 2564 facillima
435 2511 561 2564 correctio
579 2517 621 2565 est
636 2512 785 2582 πομπεῦον
801 2513 834 2565 in
851 2528 968 2582 pompa
988 2509 1202 2572 traductum

127 2580 192 2634 deos
207 2581 357 2648 Hesychius
374 2581 527 2634 christianm
542 2582 638 2652 passim
655 2581 793 2635 daemones
810 2591 837 2636 et
852 2583 924 2636 idola
941 2588 1027 2635 vocet.
1046 2597 1071 2633 s.
1089 2579 1201 2649 Interpr.

127 2650 163 2704 ad
188 2669 214 2704 v.
238 2650 401 2705 Σπονδεῖον.
427 2652 487 2715 Quo
513 2652 570 2706 loco
594 2660 622 2705 et
646 2657 763 2723 tempore
785 2653 851 2707 illud
868 2657 1074 2726 increpatorias
1090 2650 1203 2716 δίκηλον

127 2722 269 2793 prodierit,
293 2722 394 2775 omuino
412 2739 464 2775 non
481 2721 561 2776 dehet
578 2723 684 2793 quaeri,
709 2740 786 2793 quum
802 2725 830 2777 in
848 2725 964 2777 omnibus
980 2722 1082 2793 pompis
1098 2727 1203 2774 statuae

126 2792 279 2863 praelatae,
309 2797 450 2864 στέμματα
481 2799 567 2847 autem
602 2811 734 2848 semorum
764 2794 896 2863 signorum
938 2811 968 2847 rc
985 2793 1027 2846 ria
1050 2798 1202 2846 ornamenta

126 2863 233 2916 inerint
269 2861 399 2934 Sulpicius
417 2864 479 2916 Ser.
497 2865 530 2916 de
548 2865 602 2919 Vit
619 2866 651 2917 B.
670 2865 781 2918 Martini
799 2884 821 2918 c.
839 2865 901 2918 IIII.
919 2813 979 2917 lt.
1014 2864 1103 2916 Erat
1118 2862 1201 2915 haec

127 2933 306 2999 Gallorum
345 2933 557 2987 consuetudo
595 2935 780 2989 simulacra
820 2935 1011 2989 daemonum
1044 2931 1200 2998 ‚candido

127 3003 412 3057 tectavelamine
429 3021 610 3075 peragras
627 3022 710 3060 suos
735 3005 1005 3068 circumducere.
1046 3002 1200 3065 Sic‚'l'aci-

126 3080 170 3127 tus
192 3074 263 3126 Hist.
286 3073 309 3126 Ι.
334 3073 376 3127 66.
400 3074 598 3128 velamenta
623 3084 656 3129 et
679 3076 823 3130 infulas.
858 3075 1008 3146 Hesychius
1025 3069 1138 3142 Μᾶσκη,
1154 3071 1201 3127 δί-

126 3145 209 3198 κελλα
232 3142 279 3196 uhi
296 3142 406 3212 δείκηλα
423 3145 567 3199 emendent.
608 3147 685 3218 Apud
701 3147 818 3217 Delphos
835 3164 903 3201 nono
921 3162 1025 3218 quoque
1042 3161 1109 3198 anno
1128 3143 1200 3197 cua-

126 3214 193 3267 rilae
217 3214 350 3282 cujusdem
367 3215 483 3271 εἴδωλον
499 3212 629 3270 παιδικόν
652 3218 847 3287 producebatur
870 3218 974 3287 riteque
990 3232 1038 3269 ar
1073 3215 1199 3269 everbe-
1246 3237 1250 3242 ·

125 3294 212 3338 ratum
229 3285 302 3340 intra
319 3301 396 3356 rupee
414 3287 558 3340 abdebatur
575 3287 707 3340 Plutarch.
727 3288 839 3352 Quaeet.
858 3289 957 3342 Graec.
973 3285 1036 3340 xil.
1106 3324 1114 3338 .
1138 3285 1200 3339 Sui-

126 3354 174 3408 das
197 3373 219 3407 s.
242 3355 368 3411 Εἴδωλον
391 3357 438 3428 (ex
455 3357 579 3426 Aeliano)
596 3355 698 3413 κελεύει
715 3355 732 3425 ἡ
749 3363 845 3412 Πυθία
863 3354 977 3414 εἴδωλόν
993 3377 1020 3411 τι
1035 3357 1147 3411 neniae
1182 3386 1200 3398 -

125 3442 177 3480 roa
202 3426 241 3486 sir
263 3421 332 3494 ὄψιν
353 3426 484 3498 γυναικὸς
505 3433 644 3502 μετέωρον
667 3430 797 3500 ἔξαρτᾷν,
822 3431 869 3483 sal
892 3425 1053 3505 ἀνερῥώσθη
1076 3424 1133 3494 tin
1148 3427 1199 3487 ltc·

162 3495 220 3549 'bus
238 3497 353 3550 omnibus
370 3516 446 3552 sacra
463 3497 608 3570 piacularia
624 3499 767 3568 significari
782 3500 911 3554 videntur.
946 3499 989 3554 Ad
1006 3516 1062 3552 eam
1079 3514 1134 3550 rem
1150 3497 1200 3549 Ju-

160 3566 305 3620 eiveteres
323 3568 420 3622 hircum
437 3571 595 3623 emissarium
627 3570 736 3639 azazel)
761 3569 935 3637 adhibebant,
960 3569 1055 3624 Boeoti
1078 3569 1105 3621 in
1129 3573 1199 3635 βου-

124 3638 207 3708 λίμου
225 3634 344 3699 ἐξελάσει
360 3657 462 3694 servum
480 3658 555 3711 quern
573 3656 619 3711 pro
670 3657 819 3711 percussum
836 3644 908 3696 foras
925 3642 1051 3712 ejicerent
1063 3636 1198 3692 Plutarch,

125 3706 215 3776 Symp·
241 3708 286 3760 VI.
305 3708 414 3772 Quaest.
436 3711 510 3764 VIII.
529 3714 553 3765 1.
572 3718 599 3764 et
615 3718 704 3765 nostm
722 3712 807 3766 adbuc
823 3714 947 3767 memoria
964 3708 1095 3777 Thuringi
1111 3706 1199 3759 vicani

123 3779 278 3846 metensis,
296 3796 372 3848 quum
390 3781 536 3835 Mortem
553 3783 685 3851 expelli
701 3782 833 3853 dicerent,
850 3785 987 3854 imaginem
1005 3783 1140 3834 humanam
1157 3776 1198 3830 vl-

123 3848 235 3901 minibus
253 3857 413 3916 murteo,
438 3859 574 3923 postquam
591 3853 618 3905 ia
635 3871 729 3925 pompa
745 3855 932 3922 traduxerant,
958 3855 988 3908 in
1012 3865 1111 3905 amnem
1129 3845 1198 3916 pri·

124 3988 198 4042 tium.

124 3918 243 3984 debant,
267 3921 367 3977 scilicet
383 3922 555 3978 Remorum
578 3924 708 3996 exemplo,
735 3926 836 3996 Argeos
858 3927 892 3981 de
914 3931 995 3997 ponte
1017 3919 1197 4013 praecipitau—
1315 3923 1321 3940 '
