2917 4600
534 232 807 289 ourfllos
1128 217 1205 294 291

136 395 305 493 sapien
329 396 434 492 ipsos
458 388 719 464 denominatos
744 399 872 487 putat,
904 393 1024 489 nepe
1055 414 1124 488 ego
1148 393 1205 466 in·

135 513 341 604 teroedam,
367 512 563 610 quominus
589 511 674 585 Seis
699 508 789 584 urbs
814 509 993 585 'l'luudse
1008 510 1083 585 Vit.
1096 512 1205 588 mun·

135 637 177 722 in
201 629 398 728 Urauolog.
423 630 550 705 Petav.
585 655 623 729 p.
649 630 736 704 268.
768 640 808 703 et
838 630 920 705 Seii
950 632 1094 706 incolae
1119 657 1205 709 cum

135 752 247 827 Sabis
272 764 381 849 gente
407 751 584 826 Thracica
608 752 712 824 Ebut,
738 749 789 823 ad
812 751 925 826 Dion
941 752 1049 827 imo.
1075 763 1114 826 et
1129 753 1204 828 wdeo

136 871 237 946 Saba
269 874 352 948 sive
378 871 538 947 sabazio
571 880 843 971 componantur
874 883 1049 971 tanquam
1074 896 1205 969 conge-

134 1014 262 1082 neres,
301 991 389 1065 licet
419 993 492 1074 hoc
524 1013 662 1066 uouren
694 991 741 1065 ab
774 992 860 1066 aliis
891 993 1090 1089 Phrygium
1124 1017 1204 1069 esse
1279 1053 1286 1062 ,

136 1110 296 1202 dicamr3
331 1135 492 1211 namque
509 1109 687 1207 Phrygiis
711 1112 970 1209 religionibus,
1000 1125 1044 1187 ut
1067 1111 1204 1190 Sueba

135 1234 209 1322 ait,
237 1236 342 1310 ,ἔοικε
372 1233 419 1310 τὰ
451 1234 555 1334 παρὰ
588 1241 667 1319 τοῖς
696 1234 829 1335 θρᾳξὶ,
855 1236 954 1335 ,παρ’
980 1235 1036 1320 οἷς
1066 1234 1203 1314 καὶτὰ

131 1352 293 1455 Ὀρφικὰ
317 1353 386 1450 τὴν
410 1353 601 1454 καταρχὴν
624 1355 742 1451 ἔσχεν,
766 1374 931 1451 quorum.
947 1357 1204 1451 cognationem

135 1485 292 1547 testatur
315 1476 430 1566 etiem
451 1473 596 1565 Midas,
629 1476 707 1571 qui
739 1473 795 1548 ab
821 1473 1006 1575 Orpheo
1037 1477 1203 1551 initia·

135 1605 210 1669 tus
242 1594 490 1691 Phrygiam
527 1593 847 1691 religionibus
883 1595 1106 1694 implevit
1136 1594 1202 1670 Ju-

134 1717 219 1788 stin.
244 1713 310 1789 XI.
335 1718 371 1788 7.
398 1713 509 1791 ovid.
524 1714 613 1789 Met
628 1713 693 1789 XI.
720 1715 782 1790 92
806 1714 1005 1815 Brigesque
1029 1719 1073 1791 in·
1086 1717 1202 1814 Pbry-

132 1837 232 1931 giam
259 1834 492 1932 deduxit[¹].

235 1955 308 2031 His
342 1966 467 2030 autem
499 1955 538 2028 in
573 1979 689 2033 unum
721 1958 864 2034 collatis
890 1954 1063 2049 efficiurr,
1098 1980 1203 2033 suma

132 2075 312 2151 Bacchica
321 2073 516 2151 Thraciam
533 2081 750 2175 praesertim
767 2079 988 2154 anteriorem
1003 2101 1203 2177 occupasse

32 2286 34 2288 ι
133 2220 335 2298 eorumque
369 2199 549 2292 originem
581 2199 694 2295 vulgo
730 2199 778 2273 ab
814 2199 964 2296 Orpheo
1004 2198 1122 2294 repeti
1163 2209 1202 2270 et

133 2341 214 2393 csse
239 2320 287 2392 iis
312 2340 484 2415 magnum
517 2340 602 2392 urm
629 2318 800 2418 Orphicis
833 2319 1043 2391 cerimoniis
1062 2339 1202 2392 conve-

132 2440 323 2517 nientiam.
375 2436 533 2529 Quando
564 2453 689 2513 autem
710 2440 913 2538 'coeperint
943 2449 982 2511 et
1020 2459 1069 2515 uu
1099 2439 1202 2513 fama

133 2581 261 2632 eorum
282 2561 365 2655 jam
382 2556 541 2634 Homeri
566 2559 796 2658 temporibus
822 2557 872 2633 ad
886 2557 1109 2659 Graecenun
1135 2582 1201 2634 ao·

117 2672 193 2753 ‘res
225 2683 455 2778 pervenerit,
491 2692 632 2754 certum
663 2683 750 2755 sciri
779 2679 889 2754 nullo
907 2677 1032 2765 ‚modo
1062 2660 1200 2778 potest,
1293 2778 1295 2785 Α

132 2801 220 2898 quia
246 2822 374 2874 orunes
397 2801 474 2891 illi,
507 2822 600 2898 quos
626 2802 888 2892 excitavimus,
920 2813 1034 2874 testes
1065 2802 1202 2875 multo·

131 2944 216 2995 rum
253 2921 461 2995 seculorum
497 2920 696 2995 intervallo
736 2920 793 2995 ab·
820 2920 989 2995 Homero
1027 2918 1202 3017 dicium

131 3052 227 3114 sunt.
290 3042 465 3132 Interim,
509 3044 686 3141 quoniam
723 3064 800 3116 non
839 3052 1000 3133 constat,
1038 3040 1201 3134 Piorum,

131 3161 337 3252 Paeonum,
370 3162 598 3260 abusumque
630 3164 795 3257 gentium
826 3146 1108 3259 migrationibus
1133 3184 1201 3235 no·

129 3304 200 3357 vos
226 3283 319 3357 ritus
343 3280 575 3357 introductos
601 3305 701 3374 esse,
736 3282 980 3361 concedamus
1006 3284 1111 3376 licet,
1142 3307 1201 3358 sa·

130 3424 192 3475 cra
217 3401 395 3476 Bacchica
429 3426 454 3477 a
479 3403 658 3481 Thraciae
690 3404 823 3477 incolis
855 3404 1058 3504 antiquitus
1086 3405 1201 3478 ascita
1307 3444 1312 3457 ·

129 3535 168 3597 ct
202 3522 354 3596 Graecis
386 3523 489 3611 fama
521 3534 629 3596 tenus
663 3525 810 3619 cognita
842 3527 989 3625 ipsique
1019 3524 1200 3614 Homero,

129 3665 244 3739 quum
269 3643 403 3719 Baccbi
434 3658 471 3718 et
505 3644 887 3743 circumstrepentium
919 3645 1105 3721 nutricum
1136 3643 1200 3717 tri-

198 3897 242 3967 [ss]
261 3897 353 3951 Οοιιοιι
371 3917 393 3951 c.
411 3899 431 3952 1.
449 3900 541 3954 Midso
558 3919 590 3954 ex
607 3902 671 3956 Asia
688 3902 790 3955 ‘renim
806 3901 950 3955 uaduutL
970 3902 1066 3971 ccpbro
1079 3916 1105 3952 v.
1120 3895 1195 3953 1897.

127 3974 157 4054 εξ
173 3968 309 4021 Nicander
324 3969 418 4055 Atbsu
436 3970 493 4023 XV.
511 3971 570 4026 688.
587 3969 658 4043 ῥόδα
671 3973 817 4038 ’Mortuis
835 3972 928 4039 Μίδης
943 3918 1015 4044 buo
1028 3969 1134 4034 Ἀσίδος
1149 3969 1199 4043 ὀρ·

50 4065 52 4069 ·
123 4056 181 4106 W
196 4042 300 4094 λείπων
317 4041 349 4095 ἐν
365 4042 505 4114 sinuessae
520 4041 671 4115 ἀνέτρεφεν
685 4045 855 4114 Ἠμαθίοισι.
