2917 4600
259 183 315 260 9⁶
364 247 367 249 .
617 197 760 255 otrus
786 198 972 255 rannus.

262 359 437 437 &ss-did
463 374 528 430 ‘·-.
542 355 727 432 suun.
756 359 839 434 132.
863 359 991 458 Neque
1016 357 1087 430 hoc
1118 357 1176 432 his
1202 367 1330 455 terque

233 509 234 512 ¹
262 479 352 552 feeit
365 487 369 498 '
382 476 459 550 sed.
472 477 748 552 fereomoibus
772 480 864 553 locis
889 478 1004 558 verbe
1029 476 1078 551 ad
1103 478 1332 556 intellectum

142 613 145 620 ·
259 600 466 672 tententiae
496 600 704 672 necessaria
736 601 911 688 resecuit,
944 600 1066 671 aliene
1091 609 1129 670 et
1153 615 1331 693 supervass

262 723 377 792 osnes
408 715 571 808 addidit,
609 720 713 817 quasi
745 742 792 791 ex
821 721 915 818 ipsis
941 717 1097 791 oraculis
1123 715 1331 815 depromta,
1398 760 1402 763 <

261 849 301 912 st
331 858 461 934 neque.
483 838 690 927 mendosis,
723 862 824 934 qnee·
849 839 967 912 mohs
997 849 1101 926 sunt,
1135 840 1329 918 mrreetio·

261 973 348 1028 nem
387 953 576 1045 adhibuit,
617 978 736 1052 noque
777 956 942 1029 uhsouris
973 954 1330 1051 interpretationem,

260 1075 335 1147 nisi
359 1074 464 1148 illam
488 1077 730 1148 Rufimonam.
782 1071 887 1161 Quae
911 1074 977 1146 iiie
1003 1074 1128 1148 omnia
1153 1075 1233 1146 sin'o
1259 1072 1330 1152 du·

261 1191 324 1266 hio
343 1193 449 1288 iouia
474 1193 583 1274 ducet
608 1203 646 1263 et
668 1190 892 1286 ignoscenda
916 1191 1193 1266 hominihusin
1222 1193 1331 1268 altio*

260 1319 347 1385 ruis
376 1333 500 1385 rerum
530 1315 754 1407 rogitatione
785 1310 917 1385 defixis
949 1315 1080 1410 (very
1105 1309 1328 1408 parduna.

261 1432 424 1506 hie-in
457 1443 572 1506 rnen·
604 1431 729 1504 who·
753 1454 831 1503 are
870 1434 917 1504 in
958 1433 1143 1528 putauit
1174 1431 1228 1504 of
1252 1432 1331 1504 the

261 1563 382 1625 most
405 1553 669 1648 important
694 1552 847 1624 truths
869 1550 911 1622 Τ.
937 1548 1039 1628 XXI.
1065 1550 1164 1645 117.)
1190 1549 1331 1624 Verum

262 1671 464 1761 enimvero,
489 1693 511 1742 o
538 1669 644 1744 boni!
668 1672 717 1746 τὰ
743 1671 858 1770 μικρὰ
880 1675 1061 1768 μυεῖσθαι
1077 1670 1150 1768 πρὸ
1168 1680 1248 1748 τῶν
1262 1699 1328 1770 με·

261 1791 401 1896 γάλων,
427 1792 494 1863 sio
509 1790 714 1882 -nrystioa
740 1789 824 1863 len
840 1799 922 1878 est,
948 1812 1072 1886 neque
1090 1809 1222 1884 magna
1240 1811 1330 1887 pro-

261 1912 386 2010 fessos·
403 1930 521 2006 parva
538 1918 576 1980 et
591 1909 749 2005 puerilia
766 1910 908 1982 nescire
923 1908 1037 1982 decet
1228 1971 1232 1978 .
1253 1969 1256 1976 Δ

262 2041 314 2104 -,’
363 2027 505 2106 Vellem
525 2026 696 2124 equidem
722 2029 792 2102 hoo
815 2043 922 2127 parte
936 2020 1211 2125 disputationis,
1236 2049 1330 2129 quoe

260 2152 302 2222 ir
335 2147 492 2226 aliorum
522 2149 806 2245 reprehensione
821 2237 825 2246 Ι
839 2162 1030 2222 consumes
1054 2161 1129 2238 est,
1161 2171 1329 2247 superso-

262 2267 350 2341 dere
374 2269 590 2366 potuissem.
641 2266 716 2341 Sed
743 2271 910 2366 quaestio
935 2271 1035 2367 ipsa,
1071 2273 1111 2343 in
1137 2291 1246 2367 quam
1272 2271 1330 2343 in·

261 2390 376 2483 gressi
400 2410 541 2473 sumus,
565 2399 698 2460 natura
723 2412 790 2461 sua
817 2410 900 2463 oum
926 2412 972 2462 ea
997 2412 1108 2463 eausa
1136 2391 1330 2485 oonjnnoto
1381 2380 1388 2394 '

262 2519 336 2595 est,
367 2508 470 2600 eujus
502 2507 559 2579 ilii
579 2510 837 2603 patrocinium
870 2522 1116 2607 suseeperunt
1178 2510 1329 2583 Etenim

135 2626 147 2633 ”
262 2624 310 2698 de
334 2627 593 2718 mysteriorum
620 2650 752 2720 genere
777 2630 985 2724 quaerimus
1011 2652 1056 2703 eo
1082 2629 1182 2726 qnod
1204 2631 1328 2719 oPia-

260 2746 408 2819 tonistis
441 2747 718 2849 auctoritatem,
750 2768 774 2818 a
807 2745 1001 2821 Chaldaeis
1027 2751 1192 2846 speeiem
1220 2748 1328 2822 disei-

260 2864 386 2959 plinae
418 2866 574 2961 aceepit,
614 2882 768 2964 quorum
794 2864 879 2938 flios
904 2866 1114 2967 Platonicae
1139 2868 1329 2942 doeninae

261 2984 479 3079 interpretes
504 2976 902 3089 perfectissimosghos
926 2989 1044 3085 ipsius
1070 2988 1241 3063 Platonis.
1260 2986 1328 3061 du·

262 3114 380 3175 etores
419 3103 533 3176 fuisse
574 3104 776 3197 Taylorus,
814 3096 964 3202 ejusque
989 3117 1200 3195 xsectatores
1214 3154 1218 3163 ·
1232 3105 1328 3181 affir-

144 3262 147 3267 ,
261 3234 375 3315 mant
422 3219 569 3296 Contra·
586 3220 678 3319 quos
703 3246 779 3299 non
804 3222 888 3321 plus
916 3223 1035 3301 diuam
1061 3249 1171 3324 qnam
1196 3226 1244 3301 ad
1269 3229 1325 3299 in·

259 3343 427 3414 stitutum
460 3345 631 3440 pertinet
691 3342 747 3416 Ac
777 3346 942 3442 primum
968 3367 1038 3445 pro
1063 3368 1235 3449 consessu
1260 3370 1328 3420 va-

259 3462 352 3551 leat,
385 3465 564 3554 mysterio
587 3464 678 3551 ista,
708 3487 866 3560 quorum
892 3468 1032 3538 mentio
1060 3468 1178 3539 estin
1204 3466 1327 3539 Plato-

258 3582 424 3660 nicorum
450 3583 607 3677 scriptis,
633 3584 811 3678 privatim
838 3583 1020 3659 celebrata
1045 3607 1126 3663 esse
1145 3589 1242 3658 etin
1261 3608 1327 3659 un-

258 3702 362 3795 gulis.
428 3696 543 3793 Cujus
582 3704 724 3793 generis
758 3725 861 3776 saera
892 3716 980 3800 post
1011 3706 1158 3801 imperii
1190 3705 1328 3779 Persici

165 3913 169 3925 s
236 3838 428 3892 voceasum
462 3830 500 3891 et
531 3818 647 3893 multo
679 3824 797 3917 magis
829 3823 898 3896 suh
930 3823 1177 3897 Romanorum
1205 3823 1325 3898 domi·
1361 3919 1364 3924 Ι

259 3948 347 4009 natu
377 3940 418 4009 in
450 3936 530 4011 dies
555 3939 663 4035 phua
686 3943 873 4018 insinuata
897 3955 1001 4032 sunt,
1033 3943 1242 4017 auctoribus
1269 3943 1324 4019 di·
