2917 4600
122 153 127 162 ’
266 184 341 258 352
586 196 731 252 nnana
760 196 1018 255 sncuanns.

264 362 328 438 καὶ
352 356 493 461 μύθων
518 358 559 434 ἐν
584 357 691 431 ίίτοσί
707 352 826 441 τοίξις·
868 356 958 458 ὅπερ
994 360 1185 461 ἐξαιρέτως
1211 360 1337 459 Ὅμη-

265 513 330 582 ρος
362 477 577 575 ἐπετήδευσε
615 475 679 552 καί
710 475 893 564 κατέδειξε
934 487 1091 578 πρῶτος.
1142 481 1260 558 Ὅσοι
1294 479 1336 557 δὲ

264 597 518 705 πραγματείας
543 598 669 709 ἑτέρας
701 598 894 699 ἔγραψαν,
935 600 1101 676 ἐποποιοὶ
1135 598 1249 697 (addc
1274 601 1335 696 οὐ)
1376 639 1380 649 -

264 730 479 798 καλοῦνται.
504 717 529 793 δ
554 718 628 822 γὰρ
654 717 739 818 περὶ
764 719 1016 818 ἀστρονομίας
1040 717 1065 816 ἢ
1091 718 1254 820 φυσικάς
1278 751 1334 797 τι-

262 871 332 928 νας
363 840 388 937 ἢ
414 840 540 939 ἑτέρας
574 841 747 942 ἔγραψαν
771 837 941 938 βίβλους.
994 837 1070 911 Sed
1102 839 1205 913 haud
1229 862 1335 938 pree·

262 959 522 1036 termittendue
553 957 702 1033 videtur
726 957 953 1051 Dionysius,
989 960 1093 1054 cujus
1125 960 1221 1033 hanc
1253 981 1335 1033 aen-

263 1083 419 1155 tentiam
453 1078 591 1156 Studes
623 1077 738 1151 refert
769 1079 822 1178 (v.
858 1074 897 1152 G.
923 1077 985 1152 vl.
1019 1076 1053 1178 ξ
1081 1080 1131 1177 l.)
1167 1083 1333 1183 Ὀρφεὺς

177 1225 183 1236 ·
258 1200 448 1310 Ὀδρύσης
474 1196 662 1285 ἐποποιός·
700 1195 896 1284 Διονύσιος
921 1199 964 1278 δὲ
995 1211 1133 1281 τοῦτον
1158 1202 1247 1281 οὐδὲ
1272 1234 1333 1309 ye-

262 1325 415 1430 γονίναι
450 1324 560 1425 λέγει·
614 1340 824 1416 quanquam
843 1320 957 1392 ‘enim
990 1320 1074 1392 hoc'
1100 1319 1148 1395 de
1179 1343 1254 1396 uno
1288 1347 1335 1397 ex

262 1454 442 1542 quatuor,
468 1449 766 1537 quoanumerat,
792 1436 951 1538 Orpheis
977 1438 1119 1515 dietum
1143 1463 1224 1515 eaeo
1240 1443 1334 1533 vult,

261 1578 389 1638 tamen
410 1560 638 1653 Dionysius,
663 1560 745 1634 sive
763 1557 962 1652 Olynthius
987 1558 1078 1650 fuit,
1103 1563 1168 1659 qui
1193 1560 1334 1636 deHo-

261 1704 367 1759 mero
391 1682 540 1778 scripsit
565 1678 709 1752 Tatian.
735 1701 772 1775 p.
795 1678 879 1751 loo.
904 1678 1084 1776 Athenag.
1109 1705 1139 1755 c.
1165 1682 1226 1755 31.
1252 1685 1334 1758 rive

261 1799 598 1875 Halicarnassenais
623 1798 800 1871 historiae
824 1800 987 1872 musicae
1015 1812 1145 1874 auctor
1168 1825 1206 1876 v.
1231 1787 1332 1877 δορα
1359 1827 1362 1832 ’

106 1957 111 1967 ·
261 1922 325 1994 111„
351 1920 413 1994 42.
446 1922 528 1994 rive
553 1909 775 2006 Phaselitee,
812 1920 877 2014 qui
909 1929 1040 2016 poetae
1071 1931 1218 1996 veteres
1249 1923 1334 1996 illu·

262 2042 399 2116 rtravit
424 2040 546 2114 schol.
572 2036 678 2114 Pina
703 2038 751 2110 ΙΙ.
780 2037 813 2110 l.
838 2036 913 2110 vit.
939 2038 1110 2114 Nicandr.
1134 2044 1215 2115 iric
1251 2044 1333 2118 eive

261 2174 418 2259 utroque
444 2159 622 2232 celebrior
649 2156 793 2246 Thrax,
825 2156 957 2232 doctua
981 2173 1079 2233 certe
1106 2161 1333 2237 Grammati-

262 2305 345 2374 cus,
379 2275 650 2379 proculdubio
681 2300 802 2374 neque
828 2276 1029 2372 Odrysium
1056 2279 1245 2380 Orpheum
1269 2307 1333 2356 ne-

262 2426 335 2501 qnc
367 2398 642 2487 Crotoniatum,
679 2419 800 2495 neque
832 2398 948 2473 alium
981 2424 1190 2501 quenquam
1221 2403 1330 2501 huJ‘ua

262 2520 539 2596 commenticiae
563 2513 731 2592 familiae
755 2519 918 2615 agnovit.

686 2844 811 2955 Chr„
841 2846 902 2921 Vl.

389 3017 652 3103 Cormc‘uom
696 3018 1016 3120 Orphicorum
1051 3020 1207 3097 iudea.

737 3258 771 3360 q.
824 3261 856 3333 r.

361 3461 443 3537 Nisi
463 3465 544 3562 jam
571 3464 712 3540 dudum
738 3465 917 3540 librorum
937 3463 1215 3564 deperditarum
1240 3467 1331 3539 titu-

258 3584 317 3656 los
343 3593 381 3656 et
406 3585 527 3679 elogia
552 3594 745 3660 auctorum
769 3587 874 3662 velut
897 3586 1125 3685 cenotaphiis
1150 3587 1330 3684 inscripta

258 3704 422 3799 legentes
448 3701 498 3777 ad
523 3716 692 3778 veterum
717 3707 926 3779 chartarum
947 3707 1133 3801 jacturam
1150 3704 1329 3803 quodam·

223 3854 227 3865 ·
258 3823 373 3898 modo
407 3824 723 3917 occalluissemne,
763 3824 1021 3900 enumerandis
1054 3825 1238 3923 Orphieae
1270 3847 1330 3898 sc-

126 3938 130 3949 '
258 3954 339 4016 ctae
363 3946 601 4033 monimentis
633 3943 683 4021 ad
714 3947 825 4020 inane
855 3967 993 4019 nomen
1018 3944 1179 4021 redactis
1212 3943 1329 4020 mole-
