2917 4600
197 224 201 231 ·
251 190 303 267 20
606 202 756 261 uranu
776 201 963 258 rullius.

253 357 540 434 concelebranda
571 358 775 439 Eleusinia,
804 359 1064 451 confluebant,
1080 362 1131 439 ,in
1163 379 1321 457 aequum

251 501 360 557 suunt
380 482 444 576 jus
469 481 683 577 reciperent
713 478 806 569 Quis
831 504 944 578 porro
969 482 1097 571 nescit,
1122 480 1322 570 Romanos,

250 622 409 700 quorum
432 601 586 700 plurimi
610 601 803 674 Eleusinia
818 613 1062 700 ,acceperuut
1087 600 1247 673 alienam
1274 601 1323 673 ci·

250 722 408 795 vitatem
433 719 638 804 adsciscere
662 741 740 793 non
764 721 943 818 potuisse,
959 722 1065 818 «quin.
1082 742 1188 795 suam
1209 721 1320 792 amit·

251 839 394 913 terenti
432 839 505 916 His
544 838 716 913 omnibus
750 841 947 930 evincitur,
977 837 1167 914 lullonum
1199 850 1321 914 sectae

251 960 401 1054 cancae
433 958 622 1034 addictum
656 956 889 1057 eundemque
913 959 1135 1039 ‚coelestium
1167 961 1322 1037 cerimo-

250 1080 396 1153 niarum
429 1080 788 1168 reverentissimum,
821 1079 926 1154 illam
960 1078 1324 1159 defensionisratio-

250 1220 356 1301 nem,
388 1222 460 1297 qua
484 1200 700 1294 magistrum
726 1200 880 1273 crimme
905 1212 1112 1275 contemtae
1132 1200 1321 1296 religionis

115 1386 120 1396 .
250 1318 435 1408 liberaret,
460 1331 595 1416 suopte
619 1320 802 1418 reperisse
826 1320 973 1413 iugenio
999 1322 1081 1395 sive
1105 1322 1231 1418 potius
1256 1342 1321 1394 ve-

250 1450 368 1511 terem
399 1436 565 1512 saonam
600 1462 749 1529 eorum,
784 1440 847 1536 qui
860 1512 863 1519 ,
878 1438 1077 1514 Herculem
1092 1451 1141 1512 ‘et
1164 1439 1322 1517 Dioscu-

249 1579 325 1646 ros,
350 1578 465 1654 quum
490 1560 632 1633 initiari
658 1559 809 1649 vellent,
834 1580 858 1633 a
883 1557 1179 1637 civibusAtticis
1199 1556 1319 1654 adop-

251 1687 349 1749 tatos
373 1675 497 1749 lerunt
513 1673 582 1776 [¹],
608 1677 657 1751 ad
682 1679 863 1775 Diogenis
889 1689 1059 1776 tempora
1078 1676 1319 1753 transtulisse.

147 1800 153 1813 '
251 1790 424 1870 Ceterum
461 1818 539 1869 non
572 1801 817 1872 necessariam
858 1822 938 1873 esse
970 1802 1084 1873 istam
1114 1798 1319 1872 excusatio·

248 1936 336 1986 nem
370 1913 557 1989 declarant
588 1917 763 2009 Zenonis,
791 1917 978 1994 Cleanthis
1004 1933 1042 1995 et
1066 1919 1233 1996 Panaetii
1258 1940 1320 1991 ex·

251 2033 375 2130 empla
391 2035 437 2133 [⁶]
473 2037 664 2110 civitatem
695 2037 859 2112 Atticam
892 2043 1142 2115 recusantium
1173 2045 1236 2119 lna
1265 2039 1318 2139 μὴ

248 2152 387 2241 δόξωσι
412 2155 833 2260 structuramque
857 2159 1010 2238 ἀδικεῖν.
1034 2184 1071 2236 v.
1096 2160 1179 2237 infr.
1205 2160 1247 2237 L.
1271 2159 1317 2232 ll.

251 2297 279 2347 c
297 2274 368 2348 lll.
396 2271 428 2373 ξ.
455 2274 491 2349 3.
512 2285 589 2349 not
616 2300 652 2374 p.
680 2275 723 2350 Si
747 2301 838 2353 vero
866 2280 1022 2378 quilibet
1045 2305 1140 2357 unus
1160 2283 1319 2356 Graeco-

248 2416 332 2466 rum
364 2389 568 2480 hissacris
601 2399 779 2471 interesse
804 2403 946 2496 potuit,
979 2403 1013 2475 si
1029 2405 1157 2493 cium,
1183 2402 1319 2490 exteri,

250 2514 335 2601 viri,
368 2511 571 2602 foeminae,
603 2515 710 2617 noti,
733 2518 871 2612 ignoti,
903 2521 1089 2620 principes
1115 2522 1318 2620 vulgusque

250 2629 406 2704 admissi
430 2646 534 2723 sunt,
559 2646 669 2730 quot,
695 2657 852 2731 quiaeso,
879 2639 979 2713 illius
998 2643 1129 2718 ¹arcani
1154 2642 1319 2716 conscita

249 2750 365 2824 luisse
390 2773 539 2827 necesse
564 2755 637 2830 est!
664 2752 697 2824 Ε
723 2757 862 2828 cunctis
888 2757 1065 2834 Graeciae
1090 2761 1317 2836 solemnibus

249 2870 394 2944 nullum
420 2872 492 2946 suit
517 2874 600 2972 pari
624 2871 801 2967 religione
825 2876 1051 2973 praeditum3
1075 2881 1244 2958 Athenae
1260 2885 1319 2980 ip·

249 3012 313 3063 sae
345 2991 416 3065 hoc
449 2992 544 3067 festo
577 3002 748 3092 tempore
780 2995 1017 3071 multitudine
1041 3004 1319 3098 peregrinorum

248 3109 407 3184 refertae
439 3124 544 3185 erant
559 3111 641 3210 [⁸⁸],
675 3133 894 3212 omnesque,
933 3120 996 3215 qui
1027 3141 1139 3217 quum
1165 3135 1319 3222 possent

249 3230 409 3322 initimi,
448 3252 525 3305 non
565 3231 703 3304 initiati
742 3246 881 3333 esseut,
918 3238 1020 3333 vulgi
1052 3254 1148 3314 certe
1173 3242 1316 3338 Judicio

320 3427 358 3503 [fl]
377 3452 402 3487 v.
428 3434 509 3486 orell.
535 3434 568 3487 ad
591 3433 677 3505 Epist
700 3437 776 3490 Socr.
797 3454 825 3509 p.
849 3438 910 3494 263.
932 3440 993 3495 Hoc
1016 3459 1034 3496 a
1050 3443 1117 3498 lodis
1133 3445 1243 3516 publicis
1259 3453 1316 3502 trs·

147 3549 149 3552 .
249 3499 353 3556 ductum
378 3504 496 3568 videtum
519 3504 680 3560 Philemon
705 3508 740 3559 sd
763 3525 870 3577 monem
894 3528 946 3566 oon
968 3511 1093 3568 admissus
1115 3516 1264 3588 priusquam
1280 3519 1315 3574 ob

249 3572 389 3626 Aristotele
405 3574 544 3645 adoptatus
561 3583 632 3628 esset
650 3576 777 3630 Themis&
796 3579 844 3632 Or.
862 3580 933 3635 lIlII.
950 3582 1011 3635 249.
1029 3583 1061 3636 D.

247 3659 509 3799 OppIIImlIlutmh'
526 3661 608 3716 Stoio
625 3659 747 3733 Repugu.
764 3665 811 3718 IV.
827 3663 888 3719 840.
906 3667 942 3725 Τ.
959 3667 1035 3723 XIII.
1051 3671 1137 3726 Procl.
1155 3673 1189 3728 ad
1206 3674 1313 3730 Hesiod.

242 3879 250 3900 .
316 3814 373 3903 [εξ]
393 3817 515 3871 Philostr.
538 3819 570 3870 V.
592 3818 678 3902 Ipoll.
703 3819 871 3886 1.ls,155.
893 3826 959 3896 περὶ
981 3834 1137 3900 μυστηρίων
1153 3827 1240 3904 ὥραν,
1265 3828 1310 3886 ὅτε

240 3887 381 3969 :deprecor
405 3891 692 3977 nouvarapeuowroc
728 3891 858 3976 Iristidoe
881 3892 993 3976 l’auetlt.
1017 3915 1044 3968 p.
1064 3899 1122 3954 191.
1139 3900 1254 3972 δέχεσθε
1270 3905 1309 3972 τῷ

244 3954 392 4025 moverem
410 3960 519 4020 πλείους
535 3977 553 4025 η
570 3960 598 4013 οἱ
612 3959 699 4034 ἕτεροι
715 3980 747 4034 τῃ
763 3980 837 4036 πασῃ
854 3964 942 4020 nolte
