2917 4600
486 245 831 303 nunusrnrr.
1110 236 1193 313 2181

123 405 262 477 ininati
286 403 381 476 scire
406 400 605 478 deberent?
642 404 796 479 Hisuine
810 405 1010 505 adstuporo
1035 428 1194 506 acqrnnn

124 525 206 598 esti
258 520 433 597 Ceterum
466 522 514 598 de
537 525 738 599 Eleusiniis
770 525 863 599 nihil
894 526 1079 622 ejusmodi
1108 550 1195 626 pro·

124 644 247 718 ditum
271 643 446 738 legimus,
471 642 571 718 unde
595 647 776 745 suspicari
801 646 929 735 licent,
962 640 1195 745 Hierophan-

124 777 183 837 tas
216 775 302 837 ante
333 762 396 838 vel
427 776 516 861 post
545 777 696 863 peracta
725 766 906 840 solemnia
941 786 1028 838 cum
1056 767 1195 842 adeun-

125 883 225 958 tibus
252 882 434 957 derebus
464 886 579 958 sacris
612 887 875 960 sermocinatos
911 906 1010 976 esse,
1048 901 1196 986 practer

126 1003 229 1102 quod
253 1004 453 1078 Pausanias
488 1003 536 1078 de
561 1004 702 1104 Orphei
735 1018 774 1079 et
798 1005 956 1105 Pamphi
987 1006 1138 1099 hymnis
1171 1028 1217 1079 a·

125 1123 310 1199 Daducho
323 1123 484 1222 quodam
510 1127 695 1223 accepisse
719 1148 762 1199 se
783 1125 873 1201 dicit
897 1123 963 1198 nt
978 1126 1039 1199 27.
1089 1126 1194 1225 Ipso-
1254 1144 1261 1169 ¹

126 1266 209 1316 rum
241 1265 333 1317 vcro
365 1246 595 1319 initiatorum
630 1247 862 1341 conjecturae
896 1257 935 1318 ct
971 1246 1242 1319 sermunculi·
1375 1240 1380 1247 ’

4 1412 7 1418 «
127 1362 175 1436 dc
205 1364 345 1436 riarum
375 1386 563 1439 sacrorum
601 1363 928 1460 significationibus
965 1365 1045 1438 sine
1079 1364 1195 1440 dubio

125 1504 305 1583 perquam
346 1482 486 1560 diversi
524 1485 629 1559 luero
660 1507 730 1584 pro
770 1487 945 1581 qu'ruquc
977 1485 1125 1581 ingemo
1157 1497 1196 1558 et

128 1603 351 1678 eruditione·
397 1605 595 1703 Specimcn
612 1605 766 1703 praehet
779 1605 1025 1703 Porphyrius,
1051 1606 1116 1703 qui
1133 1626 1193 1702 ap.

126 1723 263 1798 Euscb.
288 1724 346 1797 Pr.
371 1725 442 1800 Eu.
464 1726 528 1799 ln
556 1726 640 1799 117.
664 1724 898 1801 sacerdotum
918 1724 1194 1799 Eleusiniorum

125 1844 295 1919 hahinrm
321 1855 361 1917 ct
383 1845 542 1939 insignia
566 1849 620 1919 sic
644 1858 809 1937 enarrat,
833 1856 877 1917 ut
899 1844 993 1916 nihil
1016 1845 1195 1918 excelsius

129 1967 281 2062 eogitari
295 1966 431 2063 possit3
457 1963 754 2063 Hierophantam
780 1965 881 2038 enim
894 1962 1078 2060 demiurgi
1099 1966 1195 2047 ima-

128 2089 248 2183 ginem
273 2097 549 2182 repraesentare
574 2087 646 2176 ait,
671 2085 894 2159 Daduohum
920 2085 1029 2174 solis,
1054 2084 1196 2183 Epibo-

127 2209 245 2281 mium
270 2207 398 2296 lunae,
422 2204 708 2302 Hierooerycem
733 2205 926 2293 Mercurii,
958 2215 1098 2276 ceteros
1124 2206 1196 2275 mi-
1287 2206 1292 2213 '

75 2399 92 2426 κ
127 2332 265 2402 nistros
288 2327 478 2400 nullarum
511 2327 699 2399 minorum
731 2327 814 2399 vico
848 2345 939 2397 csse.
989 2323 1105 2420 quuo
1131 2321 1195 2395 de-

128 2459 297 2523 cantatur
315 2449 400 2543 jam
423 2443 565 2519 dudum
597 2444 644 2520 ab
677 2444 851 2518 omnihus
882 2444 988 2542 quasi
1013 2441 1196 2540 quaedam

128 2568 339 2643 authentica
358 2568 623 2665 interpretatio.
674 2565 755 2657 An,
780 2566 868 2666 quia
882 2576 1013 2638 testem
1034 2562 1195 2638 luculen-

128 2702 210 2763 tum
235 2687 371 2761 hahetl
409 2686 463 2759 At
479 2687 778 2762 „sonnacium
828 2685 906 2775 An,
931 2681 1032 2784 quod
1045 2682 1195 2757 aliunde

129 2819 293 2898 constat,
319 2803 462 2884 Cereris
477 2801 705 2881 ”etLihcrae
729 2828 835 2880 sacra
860 2804 911 2879 ad
935 2783 1100 2878 siderum
1120 2804 1194 2877 cul·

127 2942 207 3005 tum
224 2927 473 3028 pertinuissel
523 2926 576 3022 At
599 2931 710 3001 nemo
736 2926 813 3001 tale
838 2922 1039 3024 quidquam
1058 2925 1120 3000 vel
1140 2935 1194 2997 ta·

128 3049 490 3144 citasigoificauone
513 3045 690 3144 prodidit
741 3048 803 3121 An
828 3044 999 3135 demum,
1025 3046 1195 3141 quiores

127 3171 212 3269 ipsa
236 3170 318 3245 veri
341 3167 671 3244 similisvidcturl
722 3164 823 3258 Quid
859 3187 951 3240 vero
975 3175 1053 3237 tam
1085 3176 1195 3238 extra
1258 3217 1260 3220 .

127 3290 241 3365 fidem
279 3299 354 3380 est,
391 3310 502 3387 qnam
537 3288 577 3360 in
614 3288 877 3385 antiquissimis
912 3284 1195 3360 Atheniensium

127 3408 355 3486 solemnibus
380 3409 593 3504 Demiurgi,
618 3406 681 3482 dei
705 3407 905 3495 Platonici,
940 3406 1044 3501 cujus
1069 3408 1193 3514 imago

126 3531 466 3605 nullaimitatione
491 3529 657 3626 exprimi
681 3537 824 3626 potest,
848 3546 924 3598 non
944 3527 1067 3601 sulum
1092 3547 1194 3599 men-

127 3652 268 3725 tionem
292 3649 448 3746 lootam,
480 3646 548 3723 sed
568 3648 684 3722 edam
707 3669 907 3745 personam
930 3649 972 3721 in
996 3654 1195 3742 conspectu

129 3771 295 3845 omniurn
327 3767 491 3868 positam
525 3767 630 3842 esset
681 3764 938 3844 Confitendum
976 3777 1034 3842 ost
1069 3765 1193 3859 igitur,

127 3892 223 3965 hanc
253 3891 336 3965 esse
367 3891 614 3985 conjecturam
644 3888 804 3962 hominis
836 3886 1085 3988 spectaculum
1110 3903 1193 3974 my·
1322 3955 1326 3964 .

127 4013 341 4087 stimmex
363 4031 433 4086 suo
452 4031 567 4085 >sensu
591 4005 889 4109 interpretantis,
925 4004 1025 4083 uude
1056 4014 1199 4096 myrto·
