2917 4600
472 185 864 294 nnnusrrers⁸
1110 223 1184 299 167

105 391 324 494 porrexeris
361 393 565 492 θεσμοὺς
606 399 657 480 εἰς
698 395 925 496 συμφωνίαν
958 396 1182 503 συνάγειν

53 514 176 599 1·οἶς
210 508 416 588 Πλάτων
448 511 753 616 ἐδογμάτισε,
787 514 1010 615 βούλεται
1033 516 1180 613 Fragm.

103 657 142 731 p.
177 631 265 706 244.
283 627 329 728 [Ἴ
384 627 557 706 Clemens
591 632 747 729 Recogn.
781 634 825 711 L.
858 633 905 708 x
938 634 1000 709 36.
1029 658 1067 734 p.
1094 636 1179 710 321.

71 844 73 848 ,
105 749 391 842 „Prudentes
422 752 537 844 viri,
570 775 707 850 quum
741 753 959 831 viderent
991 778 1181 831 commu·

106 894 231 965 „nem
260 873 660 969 superstitionem
693 886 785 947 tam
811 875 1092 973 probrosam
1118 898 1181 949 es-

93 1007 202 1083 ',‚se,
240 991 413 1088 quibus
446 1004 702 1089 potuerunt
733 998 1022 1090 argumentis
1048 1006 1094 1067 et
1117 998 1181 1068 in-

107 1110 560 1209 „terpretationibus
587 1117 745 1187 conati
771 1127 881 1188 sunt
899 1139 973 1189 res
993 1105 1181 1190 inbene-

105 1242 232 1323 „stas
258 1231 457 1304 honesto
483 1232 644 1307 velare
669 1245 923 1307 sermone.“
970 1235 1097 1334 Neque
1122 1259 1182 1310 so·

104 1354 187 1426 lum
219 1362 417 1448 utrumque
441 1374 556 1447 genus
580 1354 898 1451 interpretationis
923 1355 1073 1430 easdem
1099 1378 1182 1430 cau·

105 1497 168 1549 sas
201 1461 272 1546 sed
301 1472 412 1545 etium
445 1494 556 1569 pares
581 1494 769 1548 successus
795 1474 935 1549 babuit
985 1474 1083 1550 Nam
1107 1475 1182 1552 Xe-

104 1593 301 1693 nophanes
326 1613 513 1666 ramorum
543 1594 638 1665 ritus
662 1594 811 1692 ineptos
837 1618 881 1669 ae
904 1597 1183 1692 superstitiosos

109 1713 245 1789 eodem
271 1710 423 1785 lastidio
450 1733 523 1809 quo
550 1713 668 1809 impia
687 1727 885 1810 poetarum
902 1727 1111 1789 commenta
1125 1738 1183 1787 re·

107 1833 303 1935 pudiavit,
339 1832 552 1928 Eleatisqoe
577 1833 836 1929 quaerentibus
860 1858 909 1909 an
934 1836 1183 1910 Leucotheam

109 1956 272 2028 colerent
286 1952 586 2049 plangerentque,
611 1953 805 2052 respondit
824 1956 882 2030 his
898 1957 1040 2033 verbis:
1067 1964 1100 2032 el
1112 1956 1184 2054 μὲν

110 2080 206 2157 θεὸν
225 2068 553 2171 ὑπολαμβάνουσι,
577 2075 631 2172 μὴ
649 2080 822 2175 θρηνεῖν,
849 2085 881 2153 el
902 2078 945 2153 ds*
960 2081 1181 2175 ἄνθρωπον,
1303 2163 1305 2167 ³

109 2200 161 2301 μὴ
187 2195 300 2275 θύειν
323 2192 479 2267 aristot
504 2191 609 2264 Rhet.
634 2195 680 2266 Π.
702 2195 763 2266 23.
785 2191 939 2293 287.[⁵⁵]
975 2192 1081 2267 Unde
1106 2217 1184 2267 mu·

108 2319 289 2393 nifestnm
311 2325 369 2389 est
382 2335 467 2386 eum
484 2306 809 2408 inas‘symboncas
823 2315 1062 2403 ranunculae,
1087 2336 1183 2411 qnae

109 2430 326 2534 lugubribus
351 2435 466 2508 sacris
491 2433 644 2507 subtexi
670 2435 802 2525 solent,
827 2445 894 2508 out
915 2438 1106 2532 ignorasse
1119 2445 1186 2507 ant

110 2560 360 2634 contemsisse.
392 2557 581 2653 Denique,
605 2565 650 2630 ut
674 2555 886 2630 fabularum
911 2556 1169 2654 interpretatio
1177 2594 1187 2614 ·-

108 2682 168 2754 nis
194 2667 271 2753 dno
295 2678 446 2751 fuerumt
470 2697 615 2773 genera,
641 2698 758 2749 unum
774 2676 1002 2767 historicum,
1027 2677 1185 2749 alterum

109 2800 300 2889 naurrale,
331 2802 402 2871 ita.
419 2799 533 2870 etiam
558 2797 765 2895 priscarum
790 2780 1075 2872 cerimoniarum
1100 2819 1186 2870 can-

109 2944 173 2998 sae
198 2917 315 2995 modo
340 2919 388 2992 ab
414 2918 572 2991 historia
601 2915 715 2991 modo
741 2940 766 2991 a
788 2918 1026 3016 physiologia
1049 2920 1186 3015 repeti·

109 3055 170 3118 tae
204 3050 302 3115 sunt
354 3036 458 3128 Quae
490 3060 551 3110 res
582 3059 630 3110 ne
655 3037 790 3112 falsam
818 3039 865 3113 de
890 3040 1078 3132 mysteriis
1104 3040 1185 3136 opi·

108 3165 262 3238 ninnem
289 3161 496 3252 confirmet,
521 3159 705 3257 imprimis
731 3157 1006 3257 providendum
1033 3167 1099 3231 est.
1141 3156 1186 3230 ld

111 3296 237 3358 autem
278 3280 454 3355 facillime
488 3277 735 3368 obtinebitur,
777 3281 810 3351 si
845 3300 1185 3367 commemoremus,

112 3416 250 3503 quanta
274 3412 444 3475 veterum
463 3402 504 3472 in
524 3397 754 3517 inquirendis
771 3423 895 3472 rernm
914 3402 1082 3473 omnium
1100 3421 1185 3472 can-

115 3526 166 3598 sis
192 3536 230 3597 et
255 3520 467 3595 auctoribus
493 3520 606 3595 fuerit
630 3520 838 3609 curiositas,
864 3532 1003 3617 quanta
1026 3521 1066 3591 in
1087 3541 1186 3591 com·

113 3630 352 3720 miniscendis
378 3642 579 3716 temeritas.
606 3637 780 3713 Graeculi
802 3641 871 3731 illi,
897 3641 960 3739 qui
985 3662 1045 3712 res
1060 3637 1186 3735 paullo

64 3840 68 3853 ·
185 3810 226 3880 [b]
245 3808 363 3863 Eandem
386 3826 493 3880 operam
515 3807 675 3862 lamblichus
698 3816 781 3862 navet
796 3811 879 3863 samm
896 3809 1004 3878 magieis
1020 3806 1054 3859 ad
1071 3804 1185 3875 pbiloso-

117 3883 204 3953 pbiam
222 3879 447 3933 accommodandis
464 3881 497 3933 de
515 3879 597 3947 ntyrt
615 3877 647 3930 la.
664 3878 686 3930 1.
703 3896 731 3947 p.
747 3879 791 3931 20.
809 3898 848 3949 sq.

190 3950 241 4021 [lt]
261 3951 315 4004 lilii
338 3951 390 4004 boe
415 3966 473 4004 eum
496 3949 530 4003 de
547 3948 660 4002 Osiridis
677 3948 749 4001 cultu
770 3949 888 4003 lnetrrmo
905 3948 1001 3999 dixisse
1018 3946 1143 3997 referunt.
1159 3962 1184 3996 v.

121 4022 234 4077 Brendis
252 4022 395 4075 Commut-
412 4019 501 4075 Eleat.
519 4038 546 4091 p.
562 4018 606 4072 to.
622 4018 738 4073 Reimar.
755 4020 790 4072 sd
806 4020 883 4075 Dion.
902 4020 976 4071 Coss.
993 4016 1025 4069 Ι..
1039 4012 1114 4075 ‚lilii
1130 4014 1156 4066 2.
