2917 4600
262 152 336 228 loe
615 165 763 220 ursan
787 165 977 220 rnruua.

154 359 156 366 s
259 326 398 403 Verum
430 347 505 398 non
524 323 710 423 disputo,
744 347 857 423 quam
890 345 990 400 vana
1023 325 1083 396 sitx
1097 322 1164 395 illa
1191 311 1341 422 opinio3

261 441 367 547 patet
392 448 510 537 enim3
535 444 603 517 sed
628 443 785 518 ostendo
811 443 911 518 unde
937 456 975 516 et
999 464 1192 546 quousque
1214 427 1343 544 prole·

261 578 340 656 cta,
366 577 405 640 et
431 564 480 639 ad
504 587 720 663 perversam
741 566 973 663 antiquitatis
993 566 1340 661 interpretationem

261 700 440 785 quantum
465 688 505 758 in
532 708 578 758 ea
601 685 714 759 fuerit
738 687 930 760 momenti.
976 684 1127 756 Etenim
1153 684 1239 757 hinc
1264 690 1341 783 pri-

261 829 364 879 mum
383 807 493 879 natus
513 814 571 878 est
589 806 653 878 ille
672 828 830 880 arcanae
854 805 1073 902 disciplinae
1092 805 1340 897 rumusculus,

229 947 335 1024 ,quo
368 926 463 1000 nihil
495 924 597 1023 apud
628 931 776 1001 veteres
807 926 1016 1021 vulgatius,
1048 924 1144 997 nihil
1169 924 1218 1030 ad
1246 929 1343 1002 veri·
1426 927 1430 934 ’

264 1057 380 1119 tatem
411 1046 533 1120 levius
567 1048 831 1145 infirmiusque.
890 1044 946 1118 Ac
977 1067 1071 1143 prae
1103 1047 1234 1120 ceteris
1268 1047 1342 1141 Py·

262 1165 456 1261 thagoreos
497 1167 774 1263 antiquissimos
814 1176 966 1239 narrant
996 1166 1152 1239 inventa
1185 1188 1254 1240 sua
1285 1170 1343 1240 ita

264 1284 465 1358 occultasse
505 1298 548 1359 ut
587 1286 634 1360 ab
671 1288 855 1360 extrancis
890 1285 1042 1358 omnino
1076 1307 1153 1357 non
1186 1300 1342 1383 possent

261 1404 465 1503 penetrari,
499 1405 599 1503 quod
632 1428 697 1480 eos
729 1427 806 1478 non
830 1405 961 1478 fecisse
986 1415 1105 1502 neque
1130 1406 1246 1480 ullam
1272 1409 1351 1482 sci-⁷

262 1525 385 1598 entiae
410 1527 619 1620 partemin
643 1547 790 1600 recessu
817 1524 1009 1613 habuisse,
1042 1527 1257 1601 certissimis
1283 1550 1341 1601 ar-

72 1737 91 1766 d
139 1663 141 1668 ·
261 1644 445 1739 grumentis
485 1642 757 1720 demonstravit
794 1645 1026 1719 Meinersius.
1086 1644 1184 1719 Tum
1217 1647 1342 1721 Plato-

261 1784 348 1835 nem
380 1785 526 1860 quoque
559 1766 748 1839 thesauris·
772 1766 981 1839 secretimis
1014 1763 1205 1839 doctrinae
1228 1769 1340 1852 incu-

262 1882 370 1956 hasse
394 1883 536 1958 volunt·
553 1886 593 1957 in
619 1884 824 1990 ἀγράφοις,
851 1895 894 1958 ut
919 1884 1057 1974 dicunt,
1082 1883 1247 1989 δόγμασι
1273 1908 1341 1960 ve-

260 2002 319 2077 lot
349 2000 536 2094 defossam
577 2003 679 2102 quod
710 2026 784 2101 quo
817 2003 964 2077 facilius
996 2001 1109 2077 fidem
1141 2005 1340 2094 inveniret,

110 2119 113 2124 ’
261 2127 469 2221 composita
494 2134 552 2196 est
575 2124 643 2197 illa
666 2124 716 2196 ad
729 2124 957 2217 Dionysium
979 2124 1149 2221 epistola,
1175 2135 1339 2218 tyranno

195 2267 202 2290 ¹
261 2241 390 2341 digna,
426 2244 651 2343 philosopho
682 2242 951 2340 indignissima.
985 2243 1030 2317 cf.
1056 2242 1128 2318 Ast
1152 2244 1338 2318 Platon

260 2363 414 2439 Lehen
446 2366 536 2438 und
571 2366 810 2439 Schriften
843 2388 880 2463 p.
907 2362 994 2439 509.
1027 2386 1079 2462 sq.
1131 2365 1339 2456 Postremo,

259 2505 307 2556 ne
333 2506 409 2581 qua
428 2483 649 2560 Aristoteles
676 2509 700 2559 a
724 2487 904 2583 magistro
931 2485 1110 2559 defecisse
1134 2484 1339 2576 rideretur,

261 2601 354 2677 duas
380 2606 679 2679 consarcinarunt
703 2606 797 2679 alias
822 2605 1013 2705 epistolas,
1039 2628 1153 2680 unam
1176 2605 1340 2682 Alexan-

260 2719 319 2795 dri
343 2724 580 2822 profanatam
605 2728 645 2799 in
669 2725 804 2820 vulgus
827 2726 1106 2825 philosophiam
1130 2725 1339 2801 lamentan-

116 2857 131 2935 j
259 2843 326 2932 tis,
352 2843 507 2919 alteram
533 2845 746 2920 Aristotelis
771 2847 891 2943 ipsim
915 2848 970 2919 ita
993 2868 1034 2919 se
1061 2848 1270 2921 excmantis
1297 2860 1340 2921 ut

258 2958 453 3056 prodendo
488 2965 582 3038 nihil
598 2965 809 3067 ‘proditum
845 2989 925 3040 essa
951 2964 1060 3039 dicat
1086 2988 1124 3042 v.
1150 2966 1337 3041 Plutarch.

259 3077 304 3150 V.
328 3078 441 3154 Alex.
466 3108 495 3156 c
521 3084 601 3159 VII.
633 3086 754 3185 Eique
778 3085 929 3160 fabulae
954 3108 1081 3160 rursus
1107 3084 1211 3159 aliud
1236 3111 1338 3162 eorn-

259 3190 424 3273 mentunr
451 3205 740 3300 conglutinatum
767 3217 824 3279 est
848 3228 988 3296 eorum,
1016 3207 1079 3304 qui
1095 3205 1338 3283 Aristotelem

259 3317 454 3414 perhibent
473 3325 734 3425 philosophiae
749 3336 880 3425 operta
894 3330 935 3399 in
950 3327 1141 3401 esotericis
1158 3338 1342 3402 tractasse

258 3435 492 3534 lectionibus,
517 3466 594 3519 non
619 3446 721 3543 quod
746 3446 881 3542 vulgus
908 3469 953 3520 ea
977 3470 1098 3546 neque
1124 3461 1253 3545 posset
1277 3470 1339 3523 ca-

257 3579 348 3656 pere
372 3582 492 3660 neque
523 3567 676 3640 omnino
703 3566 950 3659 desideraret,
976 3566 1044 3641 sed
1068 3591 1116 3640 ne
1142 3591 1226 3643 cmn
1252 3569 1339 3668 plu·

257 3677 361 3753 ribus
386 3687 658 3759 communicata
682 3687 931 3761 evilescerent
974 3685 1057 3777 Quo
1082 3686 1177 3760 nihil
1203 3711 1227 3760 a
1251 3688 1338 3786 phi-

258 3796 501 3899 losophorum
540 3805 692 3877 nomine
735 3816 774 3877 et
810 3828 964 3882 munere
1003 3808 1122 3903 magis
1156 3806 1335 3899 alienum,

257 3919 321 4013 qui
352 3922 386 3993 si
417 3923 498 3998 lieri
527 3936 672 4020 posset,
711 3947 840 4000 omnes
874 3927 1043 4001 homines
1076 3926 1127 4001 ad
1159 3928 1335 4002 veritatis
