2917 4600
503 185 849 243 sunus1n1s.
1143 175 1214 249 163
1354 183 1361 194 “

138 344 383 438 cognitionem
432 343 624 418 traducere
671 359 865 444 cuperent3
911 369 954 420 ac
993 368 1041 420 ne
1080 345 1215 421 dicitur
1320 355 1323 362 “

136 461 288 562 quidem
319 462 413 537 illud
446 486 470 537 a
496 466 685 541 veteribus
712 466 942 556 auctoribus,
976 489 1134 564 quorum
1160 481 1214 541 te·

135 584 313 666 stimonia
351 585 529 659 Patricius
562 587 719 660 Dissert
753 587 873 686 Perip'.
906 587 949 660 L.
982 584 1045 660 VI.
1078 611 1115 685 p.
1149 588 1211 662 63.
1258 641 1264 646 -

135 705 179 779 Τ.
209 703 241 779 1.
269 717 307 778 et
331 704 485 779 Buhlius
518 708 557 779 in
585 704 793 781 Comment.
826 687 874 780 de
902 704 1004 779 Libr.
1038 707 1140 781 Esot
1176 721 1214 781 et

133 826 245 899 Exot-
295 824 571 923 produxerunt,
628 826 694 900 sed
727 827 837 924 longe
877 825 980 900 aliud
1023 827 1212 924 quiddam,

134 945 375 1020 Aristotelem
422 945 544 1030 idem,
572 946 722 1036 fecisse,
772 945 874 1045 quod
915 947 1082 1020 rhetores
1122 948 1214 1021 alia-

135 1088 293 1165 rumque
325 1067 463 1140 artium
495 1068 726 1164 professores
759 1067 974 1141 factitarunt
1009 1079 1048 1139 et
1084 1069 1213 1140 etiarn-

134 1208 232 1260 nunc
262 1183 375 1260 hodie
408 1186 550 1260 faciunt
580 1188 709 1278 multi,
747 1201 790 1261 ut
821 1189 905 1261 aliis
931 1187 1067 1261 scholis
1094 1190 1213 1261 curio-

133 1329 198 1381 sos
223 1306 543 1399 condocefeciant,
576 1309 660 1382 aliis
685 1308 925 1383 interioribus
952 1329 1035 1398 cos,
1067 1310 1130 1405 qui
1156 1317 1212 1380 to-

134 1439 215 1501 tam
241 1438 359 1501 artem
383 1431 530 1528 penitus
555 1428 764 1527 perdiscere
790 1423 1005 1527 cupiunt[¹].
1040 1426 1210 1501 Secundo

136 1571 182 1621 ex
213 1549 285 1621 hoc
317 1548 420 1623 fonte
452 1553 621 1625 manavit
652 1550 719 1623 illa
752 1549 942 1654 affectatae
977 1547 1211 1623 obscuritatis

136 1670 299 1767 suspicio
330 1672 370 1742 in
395 1671 619 1745 clarissimos
651 1671 1038 1769 quosquescriptores
1066 1670 1210 1760 collata,

135 1812 292 1889 quorum
317 1789 499 1889 plurimos
525 1803 718 1864 enumerat
745 1787 935 1881 Clemens;
969 1812 1038 1862 nec
1069 1812 1209 1888 paucos

136 1911 274 1985 omisit.
324 1908 421 1984 Nam
447 1922 486 1983 et
510 1911 686 1985 Solonem
711 1910 881 1984 nonnulli
907 1911 1006 2004 leges
1031 1934 1076 1982 ex
1101 1911 1209 1985 indu·

134 2034 226 2106 stria
251 2029 422 2126 ambigue
447 2031 694 2131 perplexeque
719 2033 913 2130 scripsisse
939 2031 1209 2121 existimarunt,

134 2150 359 2251 reipublicae
385 2174 506 2241 causa,
532 2175 606 2250 quo
633 2154 755 2246 major
772 2162 870 2224 esset
884 2153 1209 2247 interpretantium
1287 2241 1292 2250 Δ

135 2275 335 2348 auctoritas
368 2272 550 2347 Plutarch.
585 2271 629 2344 V.
664 2271 741 2346 Sol.
774 2295 803 2344 0.
837 2269 972 2354 lss'lll.
1005 2268 1141 2343 itidem
1167 2278 1209 2342 ut

135 2395 294 2468 Romani
325 2393 476 2493 quidam
510 2405 677 2467 auctores
710 2392 796 2465 illas
828 2390 920 2485 legis
947 2374 1109 2462 actiones
1130 2389 1206 2462 for-

136 2515 327 2613 mulasque
359 2536 383 2587 a
414 2515 599 2613 patriciis,
631 2526 675 2586 ut
705 2513 880 2608 injure
906 2511 1058 2605 legum
1083 2512 1208 2609 prin·

136 2622 264 2734 cipes
305 2647 465 2709 essent
497 2636 714 2710 civitatis
747 2635 1057 2731 interpretes,
1097 2631 1207 2704 fictas

136 2758 420 2854 occultatasque
440 2754 583 2847 dicunt,
618 2767 745 2829 contra
777 2775 869 2851 quos
896 2751 1061 2849 disputat
1086 2750 1208 2823 Luna·
1344 2787 1347 2795 ·

134 2881 211 2953 eius
245 2880 286 2950 in
312 2876 520 2950 Observatt
553 2875 710 2976 Apolog.
743 2897 814 2973 pro
847 2870 1102 2946 lurisconsult.
1134 2871 1248 2977 llo-⁰

134 2992 273 3074 manis(
332 2995 501 3070 Eandem
534 2996 581 3071 de
612 2997 843 3095 Hippocrate
875 3015 957 3066 esse
990 2993 1203 3090 opinionem

133 3132 289 3195 testatur
321 3118 520 3192 Erotianus
552 3113 915 3216 Ρο00010.Ρ.4*
886 3143 936 3198 ως
967 3109 1206 3210 ἐπετήδευσεν
1276 3119 1281 3123 ’

135 3241 284 3343 ἀσαφὴς
310 3249 477 3341 φανῆναι
503 3269 565 3316 και
553 3239 655 3317 διὰ
680 3247 793 3315 τοῦτο
820 3230 1202 3332 ἅσσκεχωρηκσίαςβ]

133 3364 336 3463 εὐπορῆσαι
361 3363 487 3448 λέξεως
513 3357 735 3437 σπουδάσαι.
794 3357 888 3428 Item
915 3352 962 3426 de
987 3351 1206 3447 Thucydide

134 3479 369 3556 Marcellinus
403 3479 436 3580 ξ.
471 3477 849 3579 35.p.328.1’opp.
882 3480 1039 3576 α’σαφως
1065 3472 1204 3578 lc'yeto‘

136 3602 229 3704 ἀνὴρ
264 3602 450 3702 ἐπίτηδες,
485 3606 549 3682 ἵνα
581 3599 633 3704 μὴ
658 3608 777 3679 πᾶσιν
800 3602 854 3695 εἴη
878 3595 997 3698 dorcic
1021 3592 1116 3695 μηδὲ
1143 3592 1204 3669 εὐ-

204 3770 243 3841 [¹]
263 3772 306 3826 (ll
320 3766 402 3827 Gell
419 3772 455 3827 N
474 3769 624 3826 axiis
641 3766 878 3823 Suetondeclat.
897 3764 1052 3872 Gramine
1069 3759 1115 3814 1v
1135 3758 1200 3812 Cre-

132 3842 353 3898 sollius'l'heatr.
370 3843 498 3897 Rhoan
515 3836 647 3897 luel.

83 4003 89 4017 ,
130 3923 325 4056 millet’dia
326 3926 463 4057 κεχωῖηκο*
449 3949 519 3986 osor
540 3932 710 3999 βιβλίων-
734 3931 870 3983 τουτέστιν
894 3863 1046 3994 ἀποκριὲωφ
1025 3935 1064 3972 ων
1085 3916 1206 3972 fluide.

311 4020 333 4056 n
333 4021 392 4076 αφρ
410 4002 489 4063 dam

909 4080 950 4152 ll
981 4081 1003 4129 *
