2917 4600
480 285 827 340 seruerim.
1138 272 1189 348 23

108 440 157 516 ad
199 460 331 517 ornnes
371 436 547 518 introitus
579 453 802 517 scrutatores
835 442 1038 543 dispositos
1071 438 1187 518 fuisse

107 560 322 653 medamus,
364 563 428 667 qui
465 558 696 638 introeuntes
737 562 929 659 diligentem
961 573 1184 653 excuterent,
1281 552 1284 565 ’

107 705 156 754 ne
188 680 273 781 quis
306 680 486 780 profanus
511 674 687 758 simulata
716 678 940 758 conscientia
965 696 1184 783 surreperet,
1233 738 1235 745 -

109 808 147 873 et
168 802 199 873 ii
223 803 323 900 ipsi,
356 803 420 900 qui
447 800 528 898 ja'm
559 804 697 878 initiati
730 803 797 878 sed
823 803 991 878 nondum
1015 825 1183 879 consum·

108 922 199 993 mati
233 928 375 1013 essent,
405 944 454 996 ne
488 948 561 1022 qua
592 922 702 998 ¹altius
727 935 967 1023 penetrarent
991 946 1101 1023 quam
1126 925 1204 998 ias·

109 1052 145 1112 et
172 1040 238 1136 jas
271 1052 379 1115 esset
437 1038 482 1116 ld
515 1067 587 1142 qua
617 1044 763 1117 ratione
797 1043 1101 1135 contaminent,
1132 1043 1184 1134 hi,

107 1161 172 1259 qni
197 1157 246 1232 de
269 1163 459 1256 mysteriis
485 1166 664 1265 scripsere
688 1162 789 1237 haud
813 1167 918 1262 prius
944 1162 1083 1254 audita,
1106 1186 1183 1237 non

107 1282 292 1372 nesciunt3
318 1290 475 1357 tesseras
501 1297 539 1359 et
563 1282 736 1381 symbola
759 1296 922 1375 narrant,
948 1284 1039 1357 solis
1058 1285 1182 1358 initia-

109 1401 161 1473 tis
186 1404 290 1491 nota,
314 1396 447 1500 quibus
473 1426 514 1478 se
538 1406 701 1483 invicem
726 1415 973 1500 agnoscerent
1026 1397 1182 1477 sanmu-

109 1522 167 1595 cio
198 1504 294 1594 adeo
327 1523 369 1595 in
401 1530 562 1598 mentem
593 1524 718 1615 venit,
750 1526 918 1598 initiatos
951 1527 991 1596 in
1026 1516 1182 1597 introitu

108 1632 236 1716 omnes
277 1641 442 1715 breviter
479 1642 724 1738 interrogatos
759 1642 998 1742 respondisse
1030 1641 1181 1741 aliquid,

105 1761 206 1861 quod
229 1782 301 1860 pro
328 1759 550 1836 documento
575 1762 796 1839 initiationis
822 1774 936 1855 esset3
964 1760 1071 1838 verbi
1098 1785 1181 1837 cau-

105 1902 147 1956 sa
177 1884 430 1978 interrogante
465 1881 590 1979 aliquo
624 1882 739 1957 sind
772 1885 849 1959 Sie
883 1882 1100 1972 Meister,
1123 1907 1182 1956 re·

104 2004 234 2101 sponsi
266 2003 349 2077 loco
383 2000 523 2075 dixisse
554 2000 632 2075 Ich
664 2002 816 2076 kenne
840 2001 919 2075 die
944 2002 1180 2101 Acacie[].

104 2122 172 2196 Est
201 2122 274 2195 hoc
305 2121 466 2218 exempli
501 2122 618 2193 instar
649 2143 673 2195 a
704 2147 766 2197 me
791 2124 956 2220 positum
983 2119 1050 2194 sed
1075 2143 1181 2218 pror-

105 2262 165 2316 sus
191 2265 239 2316 ex
264 2238 493 2341 praescripto
520 2234 729 2332 sanctuni,
755 2241 818 2339 qui
844 2234 1044 2313 formulam
1070 2260 1178 2335 quae·

105 2361 267 2436 stionum
308 2357 664 2458 responsionumque
702 2363 744 2431 in
785 2351 985 2431 Eletuiniis
1025 2349 1181 2432 eandem

105 2477 223 2554 fuisse
245 2489 365 2581 putat,
391 2502 484 2576 quae
504 2497 602 2553 nunc
619 2480 659 2552 in
673 2479 917 2553 Latomorum
936 2475 1180 2553 conventibus
1272 2524 1277 2534 ·

108 2598 268 2690 obtinet,
304 2600 584 2695 contineturque
615 2600 657 2672 in
690 2595 932 2672 catechismis
958 2619 1088 2673 eorum
1113 2621 1180 2672 no-·
1218 2595 1226 2620 ‘

104 2722 204 2795 mine
217 2721 406 2818 inscriptis
416 2715 475 2817 [Ἴ.
500 2715 686 2817 Lepidum
699 2717 866 2818 videtum
891 2715 958 2790 sed
971 2721 1054 2814 quis
1068 2740 1180 2817 spon-

105 2839 188 2914 dett
227 2839 350 2915 Julius
382 2839 565 2913 Firmicus
607 2838 654 2913 de
687 2840 769 2913 Em.
800 2838 900 2912 Proi.
933 2833 1011 2909 net
1043 2861 1083 2937 p.
1118 2838 1179 2912 36.
1239 2823 1242 2828 ’

106 2964 155 3060 (p.
175 2959 266 3035 440.
287 2959 468 3058 Gronov.)
494 2959 656 3050 „Libet
674 2968 829 3049 nunc‚“
854 2959 986 3056 inquit,
1003 2957 1179 3056 „expla-

106 3103 259 3173 ‚,nare,
296 3079 463 3178 quibus
496 3102 546 3153 se
579 3080 729 3175 signis
763 3078 840 3155 vel
871 3075 1038 3176 quibus
1063 3099 1178 3171 sym·

106 3201 251 3292 „bolis
285 3203 333 3273 in
359 3203 480 3301 ipsis
506 3197 935 3297 superstitionibus
959 3198 1178 3271 miseran-

108 3320 183 3412 „da
221 3321 461 3397 hominnm
495 3319 631 3395 turba
670 3325 929 3413 cognoscat
988 3314 1178 3390 Habent

109 3445 250 3533 „enim
285 3443 483 3542 propria
514 3442 663 3535 signa,
712 3440 909 3538 propria
939 3457 1175 3535 responsa,

110 3585 245 3662 „quae
276 3561 382 3646 illis
413 3562 461 3635 in
497 3561 607 3634 istis
641 3557 1001 3653 sacrilegiorum
1034 3554 1174 3629 coeti·
1259 3576 1261 3581 ·

179 3766 219 3838 [ι]
236 3784 262 3824 v.
279 3767 454 3837 simmae
472 3765 508 3819 r.
525 3765 548 3820 n
564 3781 591 3836 p.
609 3762 652 3818 st.

131 3873 136 3882 ’
177 3850 217 3925 [⁸]
234 3853 378 3909 Recberch.
395 3853 429 3907 Τ.
446 3853 469 3907 Ῑ.
481 3869 511 3975 p
528 3850 590 3906 802
623 3850 751 3906 Fabulam
768 3853 889 3922 repetunt
905 3848 1069 3904 nmmos
1084 3836 1099 3896 ὁ
1113 3838 1172 3895 ire-

169 3925 212 3979 ln=
228 3919 334 3979 terte
350 3942 413 3979 son
428 3923 547 3978 Helas
566 3922 601 3976 'l'-
618 3922 641 3980 I.
658 3921 719 3977 386.
737 3928 828 3975 auctor
843 3919 923 3981 libris
941 3912 1079 3971 Eleusis
1095 3910 1171 3965 oder

114 3942 196 4049 popu
219 3994 282 4049 den
306 3993 464 4067 Ursprun
511 3993 576 4046 und
600 3990 655 4045 die
677 3992 824 4047 Zwecke
846 3989 906 4044 der
928 3988 1024 4042 alten
1045 3982 1171 4054 Myste-

116 4064 471 4138 rien.Gotbs1819.p.1
509 4061 667 4118 .etectcrl.
757 4065 758 4068 ’
