2917 4600
237 122 310 195 164
590 130 734 188 cluna
759 129 945 185 rnruus.

234 295 337 391 τελὴς
370 291 551 393 φαίνηται
582 291 676 368 ἀλλὰ
708 298 788 375 τοῖς
818 291 904 368 λίαν
938 299 1080 392 σοφοῖς.
1139 290 1200 364 De
1223 289 1312 364 Ari·

236 414 369 488 stotele
401 411 512 485 multi
544 410 612 484 sed
644 408 865 484 brevissime
896 407 1108 484 chalcidius
1140 413 1180 483 in
1211 408 1309 482 Tim.

237 560 266 607 c
293 529 472 607 CCCXX
504 530 591 604 394.
623 528 767 604 Fabric
795 530 942 624 juxta
981 530 1215 603 dicentem
1248 528 1309 602 fit

237 653 677 748 obscuritss‘qnnm
703 648 957 725 velstudio
986 649 1188 749 dataque
1208 671 1310 746 ope

237 796 287 847 ra
310 770 475 867 dogma
499 793 628 874 suum
654 770 786 843 velat
809 782 1071 862 anctor„nt
1095 769 1312 843 fecerunt

237 891 524 967 Aristoteles
557 901 607 962 et
640 888 932 979 Heraclitus,
958 891 1033 966 vel
1057 888 1311 963 imbecilli-

238 1025 336 1086 tate
360 1011 602 1085 sermonis
659 1011 719 1084 lta
750 1008 931 1108 quidqmd
955 1023 1023 1084 aut
1045 1011 1218 1085 subtilius
1243 1031 1314 1082 ex·

192 1150 202 1172 ³
237 1135 438 1228 cogitatum
470 1142 536 1202 aut
567 1130 799 1203 artificiosius
834 1132 1087 1222 enuntiatum,
1105 1129 1108 1132 ’
1124 1129 1235 1230 quam
1267 1141 1312 1202 ut

110 1257 113 1272 '
201 1337 207 1346 ,
237 1255 480 1328 embomna
504 1250 709 1345 intelligere
733 1251 896 1347 posunt,
925 1249 969 1324 iu
993 1252 1051 1323 nu
1075 1253 1116 1324 in
1140 1248 1309 1324 otuu·-

238 1386 277 1447 et
308 1373 586 1446 frmtrationem
617 1369 796 1442 lectorum
829 1369 1100 1466 simpliciorum
1126 1372 1311 1468 composi·

238 1507 320 1567 tum
344 1513 426 1565 esse
449 1489 592 1564 volunt
628 1488 741 1578 Quod
764 1513 856 1566 vero
881 1491 968 1563 hnic
993 1492 1163 1591 opinioni
1186 1494 1311 1589 proxi-

238 1635 343 1687 mum
375 1623 415 1683 ot
445 1631 671 1706 consequens
697 1623 796 1701 erat,
819 1622 862 1683 nt
887 1632 971 1702 eos,
997 1635 1090 1709 quos
1114 1610 1244 1684 endem
1269 1613 1311 1684 in

238 1729 432 1807 suibeudo
458 1731 603 1802 ratione
626 1751 715 1803 usos
741 1753 822 1803 esse
845 1743 1040 1829 putarent,
1072 1731 1205 1806 eodem
1229 1754 1310 1806 mo-

239 1852 289 1926 do
314 1855 664 1948 interpretarentur,
694 1848 737 1922 id
768 1850 919 1947 quidem
949 1874 1027 1925 non
1056 1853 1222 1927 focerunt
1244 1876 1310 1926 ne-

239 1996 312 2073 que
343 1967 600 2065 Thucydidem
633 1969 703 2043 sub
736 1973 859 2067 specie
891 1970 981 2044 belli
1006 1972 1310 2071 Peloponnesiaci
1402 1977 1418 1998 '

238 2090 343 2167 alind
362 2089 450 2189 quid
470 2112 582 2188 quam
602 2088 703 2186 quod
718 2111 849 2162 omnes
866 2091 1088 2187 intelligunt,
1112 2094 1310 2170 tradidisse

238 2213 418 2312 suspicati
458 2222 564 2300 sunt;
609 2211 698 2310 quin
736 2232 786 2282 ne
823 2208 1107 2309 Lycophronem
1146 2216 1307 2316 quidem.

239 2330 338 2407 (hut
370 2329 469 2422 Quia
497 2344 578 2404 tota
602 2332 802 2427 allegoriae
832 2334 997 2432 suspicio
1029 2358 1105 2409 non
1137 2362 1185 2410 ex
1214 2340 1309 2437 ipsis

238 2451 480 2552 scriptoribus
512 2472 632 2547 neque
663 2475 711 2524 ex
745 2455 900 2550 propria
923 2453 1083 2551 quadam
1108 2457 1308 2531 verborum

240 2584 280 2647 et
310 2571 576 2646 sententiarum
608 2572 902 2647 conformatione
932 2573 1043 2648 ducta
1071 2575 1140 2649 sed
1171 2580 1309 2651 extrin-

229 2688 346 2768 'secus
381 2690 491 2765 illota
529 2703 604 2779 est,
644 2701 682 2763 et
713 2694 803 2789 quia
833 2696 986 2768 omnino
1017 2695 1076 2768 illi
1107 2718 1185 2769 non
1217 2698 1305 2795 qnid

194 2900 201 2917 ·
240 2817 394 2913 quisque
417 2820 587 2885 veterum
613 2808 770 2901 dixerit,
801 2813 868 2887 sed
894 2813 1182 2912 quidsenserit,
1217 2816 1306 2915 quid

239 2931 1307 3033 taciteinanimovolutaveritexmquamdepoe

240 3053 290 3125 tis
314 3053 474 3148 antiquis
497 3064 750 3150 praesumtum
774 3053 972 3144 habebant,
995 3058 1199 3154 sapientise
1224 3060 1306 3155 opi·

240 3173 353 3245 nione
376 3173 582 3266 conjectare
606 3173 731 3245 conati
753 3184 850 3246 sunt

341 3289 503 3364 Videant
548 3294 660 3387 igitur
704 3292 994 3385 symbolicarum
1032 3299 1307 3396 intepretatio-

238 3430 331 3485 num
364 3413 567 3510 cupitores,
598 3434 692 3511 qnos
723 3411 836 3486 duces
868 3429 1088 3513 nequeumt,
1118 3418 1308 3491 similem

239 3538 453 3606 nostrorum
476 3534 719 3630 interpretum
744 3534 810 3629 qni
833 3530 925 3630 qnid
948 3536 1125 3634 cujusque
1148 3539 1307 3635 scripto-

239 3651 292 3723 ris
316 3662 441 3744 aetas,
462 3649 552 3749 quid
575 3673 690 3747 gmns
714 3651 917 3743 mmmm,
942 3653 1033 3752 quid
1059 3658 1184 3754 operis
1206 3658 1305 3730 ratio

240 3773 380 3865 exigat,
411 3769 617 3869 ponderm
646 3770 788 3860 solent,
818 3795 868 3845 an
897 3771 947 3846 de
970 3773 1043 3846 hoc
1065 3797 1144 3849 nno
1168 3776 1307 3850 sollici·

239 3901 298 3964 tos
321 3913 371 3963 ne
393 3890 484 3989 qnid
506 3891 622 3989 inpie
645 3884 883 3965 ao'flomem
907 3890 1048 3967 dietum
1079 3898 1306 3988 inveniatur,
