2917 4600
275 180 348 255 uo
627 187 777 246 trono
795 189 989 267 coruus.
1097 215 1100 220 ι

374 352 505 447 lteqtre
528 350 560 423 si
589 361 725 420 omncs,
745 346 945 442 adytorum
961 347 1124 422 latebras
1146 348 1354 447 perlustra-

243 559 246 564 ,
276 475 393 560 veris,
426 470 479 542 nil
511 480 659 567 praua
690 479 794 542 actm
826 468 1045 544 sacdfimles
1072 480 1117 542 ,ct
1138 467 1353 544 fabularum

277 597 450 688 ligrnenta
476 600 513 664 et
538 610 650 683 super
675 587 954 664 bisbdminum
980 591 1239 686 opiniosorum
1265 611 1354 662 con-

277 709 585 809 iecmrssnvems
611 727 796 805 vagasque
819 732 889 806 pro
915 710 1090 805 ‘cujusque
1120 710 1268 803 ingenio
1294 732 1353 782 re-

277 835 409 931 peries.
469 825 567 915 Quin
600 840 773 925 apparet,
804 851 879 901 nen
905 830 1074 923 potuisse
1097 831 1278 923 mysmria
1302 828 1353 902 ad

278 965 418 1026 mutam
436 948 735 1024 ‘diuturnitatem
768 971 1002 1045 personuere,
1044 951 1078 1022 si
1113 971 1188 1047 qua
1219 948 1354 1023 finisset

276 1073 433 1146 initiatis
458 1070 652 1167 perornare
676 1066 816 1146 uado
837 1067 1053 1168 diselplina‚
1078 1091 1190 1168 quoru
1215 1071 1354 1143 mutari

276 1192 458 1267 vetuisset
489 1190 718 1264 mnsoiorum
732 1189 898 1284 -religlo,
930 1171 1166 1264 bnmutatam
1197 1201 1353 1287 quotam

278 1315 336 1387 nis
361 1310 492 1384 retem
516 1330 591 1382 ron
616 1308 763 1383 urlisset
787 1320 991 1386 rotumum
1016 1333 1141 1385 rerum
1172 1332 1352 1386 convena

278 1434 387 1507 ratio.
445 1426 547 1520 Quid
578 1430 696 1519 enim,
730 1450 886 1527 quaeso,
921 1453 1053 1505 eorum
1085 1454 1181 1529 quar
1203 1443 1351 1505 vetares

279 1553 335 1626 illi
359 1549 557 1648 Eumolpi,
591 1551 624 1621 si
655 1549 797 1648 plseet,
830 1548 1020 1624 auditores
1052 1551 1139 1625 rudi
1172 1549 1358 1647 sirnplicil

279 1684 355 1746 tate
380 1669 625 1758 crediderunt,
650 1669 887 1774 politioribus
912 1671 1068 1766 ingeniis
1093 1683 1132 1745 et
1150 1671 1229 1766 jam
1243 1669 1351 1743 adul*

279 1806 339 1866 tae
366 1791 544 1863 Graeciae
575 1791 666 1862 satis
690 1790 811 1863 facere
835 1791 985 1888 pontiti
1018 1791 1071 1866 At
1094 1793 1182 1889 quia
1206 1802 1351 1887 spema-

202 1959 211 1990 .
279 1912 403 1986 culum
428 1912 625 2004 mysticum
650 1929 774 1982 rerum
799 1906 1010 1983 divinarum
1026 1899 1255 1984 ‘adumbrata
1273 1933 1351 1984 non

279 2053 459 2130 supressa
481 2031 587 2124 signa
609 2027 807 2101 exhibebat
828 2039 868 2101 et
885 2042 965 2103 erat
981 2029 1028 2103 de
1044 2031 1103 2103 bis
1115 2030 1234 2103 libera
1246 2029 1351 2127 qnod

278 2152 434 2249 quisque
465 2149 580 2226 vellet
611 2146 843 2242 conjectandi
874 2152 1001 2247 copia,
1036 2150 1128 2223 baec
1159 2161 1267 2224 muta
1291 2172 1350 2226 sa·

279 2293 424 2348 eronrm
457 2269 654 2368 discipan
684 2269 739 2341 in.
759 2269 863 2343 nullo
889 2270 963 2343 alio
988 2272 1147 2366 vestigio
1171 2293 1284 2369 quam
1308 2273 1351 2344 in

278 2393 396 2466 animi
425 2392 579 2479 notione
609 2391 753 2497 posita,
784 2413 903 2488 neque
936 2412 1006 2467 usu
1031 2391 1115 2490 capi
1138 2414 1257 2489 neque
1282 2390 1351 2465 ob·

278 2512 458 2587 solescere
484 2511 618 2607 potnit,
642 2508 709 2582 sed
734 2531 876 2585 novum
895 2509 968 2583 sibi
988 2510 1145 2584 subinde
1160 2512 1351 2606 ingenium

278 2629 455 2717 induens,
499 2648 574 2699 una
609 2650 692 2701 cum
723 2628 916 2703 bominum
950 2631 1133 2707 aetatibus
1163 2629 1350 2726 gradatim

277 2750 458 2823 maturuit
495 2756 535 2819 et
572 2746 779 2821 seculorum
813 2749 911 2821 ultro
944 2752 1109 2850 citroque
1140 2773 1352 2825 commeau-

278 2872 373 2943 tium
410 2864 682 2942 vicissitudines
731 2869 815 2965 pari
851 2892 977 2964 mosen
1017 2883 1243 2970 consequuta
1279 2882 1349 2945 est.

146 3038 149 3044 -
277 2986 351 3062 His
388 2988 590 3084 expositis,
630 2984 720 3085 quid
750 2990 940 3082 mysteriis
968 2993 1080 3088 pretii
1110 2987 1350 3065 statuendum

276 3111 348 3220 sit,
380 3106 489 3181 facile
520 3108 752 3206 perspicitur.
811 3106 853 3181 Si
877 3108 927 3182 ad
950 3110 1104 3207 pietatis
1125 3112 1352 3208 mutumne

128 3272 132 3281 .
278 3227 400 3301 omnis
432 3225 598 3301 studium
628 3227 760 3315 refert,
795 3238 840 3300 ut
862 3227 1032 3304 homines
1055 3229 1254 3327 aliquando
1281 3231 1350 3303 ali-

278 3348 497 3445 qunnbrlum
521 3348 650 3437 fleant,
675 3352 856 3438 tremant,
880 3360 1071 3446 stupeant,
1096 3361 1172 3449 non
1196 3351 1347 3439 infitior,

133 3511 135 3514 >
276 3465 433 3558 multos,
458 3486 557 3565 qnos
575 3468 672 3542 ratio
696 3488 774 3540 non
797 3480 925 3567 posset
949 3469 1000 3543 ad
1024 3469 1179 3543 deorruu
1204 3481 1348 3543 meunn

214 3670 218 3679 ,
264 3595 316 3659 ἵει
334 3589 550 3684 religionem
571 3586 766 3678 adducere,
791 3591 1001 3665 semilicelis
1024 3600 1347 3689 apparatuspom-

275 3727 328 3803 pa
360 3719 398 3780 et
430 3707 644 3805 splendore,
675 3718 719 3781 ut
751 3707 841 3782 deos
864 3723 1139 3800 revererentur,
1166 3709 1348 3783 adductos

277 3845 370 3898 esse.
419 3828 532 3918 Item,
558 3832 591 3902 si
616 3828 720 3900 nulla
744 3827 870 3903 fabula
894 3842 973 3904 tam
997 3834 1126 3929 inepta
1151 3841 1224 3918 est,
1252 3848 1347 3926 quae

275 3965 351 4016 non
377 3929 515 4043 aliquo'
529 3950 734 4046 sapientiae
758 3948 842 4024 fuco
869 3950 1072 4025 circumlini
1094 3950 1234 4050 possit,
1260 3971 1347 4024 con·
