2917 4600
211 163 250 217 Vl
566 159 923 216 sarsurio,

210 337 300 390 vero
333 336 393 386 me
424 314 537 405 fallit,
572 321 604 390 si
640 319 778 392 alteros
813 320 940 393 decem
973 344 1104 405 annos,
1122 326 1207 397 huic
1231 325 1284 398 la·

210 452 293 526 hori
332 450 571 546 adjecissem,
612 458 663 545 si,
704 479 798 554 quae
839 457 933 530 lecta
971 460 1064 532 mihi
1104 474 1206 549 sunt,
1241 485 1285 534 ea

210 592 336 663 omnia
360 590 583 685 relegissem,
610 594 643 664 si
669 578 828 691 denique
854 594 1044 670 doctrinae
1063 599 1283 671 instrumen-

209 730 275 815 tis,
309 726 441 825 quibus
467 751 574 823 aegre
601 733 722 819 carui,
757 754 974 829 quocunque
1000 733 1113 805 modo
1140 736 1282 831 potitus

208 888 346 955 essem,
379 875 599 938 eventurum
632 865 747 940 luisse
781 881 824 941 ut
856 871 947 942 haec
973 869 1281 969 tota'disputatio

208 1016 246 1076 et
280 1003 465 1100 copiosior
496 1003 600 1079 fleret
633 1016 671 1079 et
702 1003 875 1081 llmatior.
936 1006 1010 1079 Sed
1036 1018 1073 1093 et
1098 1008 1188 1080 haec
1212 1032 1280 1105 po·

207 1138 328 1213 tiundi
360 1160 446 1236 spes
479 1137 590 1211 valde
621 1140 761 1213 incerta
793 1152 831 1212 et
862 1142 927 1214 illa
957 1145 1042 1216 viae
1068 1143 1197 1238 longae
1223 1166 1279 1216 re·
1389 1233 1391 1237 y

207 1277 359 1375 plicatio
387 1277 468 1370 J‘am
501 1275 683 1348 deficienti
718 1299 851 1374 parum
878 1281 1103 1375 tempestiva
1129 1278 1279 1354 videba-

207 1428 283 1504 tur;
308 1424 516 1510 postremo,
543 1434 655 1509 quum
689 1413 848 1487 aliorum
873 1414 1149 1489 festinationem
1176 1417 1280 1493 vidc-

206 1574 286 1626 rem
313 1561 357 1623 vot
389 1559 531 1645 matam
564 1549 844 1645 negligentiam,
870 1551 1017 1627 decrevi
1042 1552 1193 1651 publica
1218 1578 1279 1627 ex·
1395 1548 1397 1555 '

205 1688 333 1786 empla
356 1688 460 1784 sequi
485 1687 580 1784 μηδ’
608 1687 800 1765 αἰδεῖσθαι
824 1690 937 1773 κακὸς
962 1689 1067 1767 εἶναι.

233 1854 238 1863 ·
308 1823 443 1898 'l'rihus
476 1824 577 1898 hisce
609 1822 713 1899 libris
740 1828 812 1899 tria
837 1826 1059 1923 principalia
1083 1828 1278 1919 mysterio

94 2022 101 2037 .
204 1985 288 2037 rum
321 1984 454 2056 genera
478 1965 653 2058 exposui,
692 1961 881 2037 diversam
913 1965 953 2034 in
986 1983 1134 2060 quoque
1165 1964 1278 2036 ratio·

204 2123 290 2173 non
316 2110 502 2197 sequutus.
554 2096 651 2173 Nam
677 2097 724 2173 dc
751 2099 1024 2173 Eleusiniorsun
1057 2099 1133 2173 ritu
1159 2113 1197 2173 et
1221 2102 1277 2171 in·

204 2238 399 2311 stitutione
429 2248 468 2309 et
499 2233 727 2312 admisistis
759 2237 934 2336 pleraque
959 2258 1054 2335 quae
1078 2239 1164 2310 sciri
1189 2258 1275 2334 pos·

202 2388 290 2449 sunt
322 2374 370 2447 ab
403 2375 488 2446 aliis
520 2374 673 2446 collecta
703 2384 793 2446 sunt
827 2385 865 2445 et
900 2376 1088 2448 communi
1121 2375 1276 2448 notitiae
1341 2387 1343 2390 ’

205 2508 364 2598 tradita,
404 2508 454 2588 de
493 2508 682 2582 doctrim
715 2518 840 2582 autam
874 2505 1067 2602 mysticae*
1084 2511 1205 2584 causis
1238 2525 1276 2583 et

204 2649 434 2741 argumentis
481 2644 576 2718 adeo
625 2667 802 2743 perversa
848 2647 1007 2720 invaluit
1046 2646 1194 2742 opinio,
1234 2657 1275 2719 ut

203 2788 298 2859 lianc
330 2785 584 2880 quaestionem
616 2785 817 2881 praecipua
849 2806 935 2856 cura
960 2783 1112 2877 dignam
1131 2782 1274 2877 J‘udica·

202 2947 292 2997 reru
352 2921 439 2994 Alia
472 2922 534 2993 via
565 2931 604 2993 et
638 2918 738 2994 houd
771 2921 897 3018 paullo
918 2914 1123 3018 ¹operosior
1156 2922 1274 3016 ingre

202 3060 342 3134 dionda
372 3069 452 3174 arat
485 3057 647 3155 Orphica
678 3069 878 3132 uaoeamm
900 3060 1097 3152 mysteria,
1124 3056 1172 3131 de
1194 3061 1273 3157 qui-

201 3195 276 3272 bus
300 3197 393 3271 nilril
419 3198 535 3270 statui
561 3206 708 3297 poterat
734 3197 806 3269 nisi
833 3196 992 3270 collectis
1013 3209 1123 3300 antea
1141 3208 1180 3269 at
1199 3194 1271 3270 dis

203 3336 337 3435 positis
379 3333 625 3432 Orphicorum
664 3347 858 3431 poetarum
898 3334 1082 3431 reliquiis,
1116 3349 1271 3430 quorum

202 3495 406 3573 perpaucas
440 3471 653 3569 complexus
687 3482 745 3544 cst
780 3472 976 3545 Gesnaros.
1027 3469 1137 3544 Hunc
1161 3470 1273 3564 igitur

202 3614 327 3686 roam
373 3632 490 3708 usquc
530 3609 576 3683 ab
615 3611 699 3684 imis
741 3609 989 3683 fundamentis
1033 3603 1271 3681 exaedificari

202 3754 328 3848 itaque
359 3748 552 3845 diligenter
583 3749 740 3821 instruxi
773 3757 816 3820 ut
840 3747 1002 3845 primum
1025 3731 1208 3839 ⁴ingressis
1233 3754 1271 3814 et

38 3965 43 3974 ,
204 3890 400 3986 pristinum
426 3888 633 3984 squalorem
659 3883 936 3958 recordantibus
963 3881 1018 3975 ‘ad
1043 3895 1188 3978 tempus
1213 3901 1270 3954 sa-
