2917 4600
226 185 303 259 202
585 198 728 252 traua
753 197 942 252 sarnus.

194 353 198 361 ’
224 316 451 456 reipublicae
489 357 647 452 exlege
673 369 711 431 ct
737 355 869 430 crtiine
895 355 1000 454 apud
1025 377 1110 429 aras
1137 368 1176 429 et
1200 356 1305 432 delu-

102 540 108 557 .
224 479 293 553 bra
318 477 474 551 deorum
498 477 654 569 fiebant3
692 478 871 576 profana,
910 500 1006 577 quae
1038 500 1108 575 per
1141 480 1304 553 occasio-

185 682 186 689 *
224 623 312 674 nem
338 599 456 673 festae
489 599 663 673 licentiae
695 597 928 699 cudebantur
961 621 985 672 a
1017 599 1190 693 singulis,
1229 621 1303 696 quo

223 721 412 820 pertinent
444 719 513 792 illa
537 741 746 793 scurrarum
769 706 932 819 pompas
958 720 1219 793 comitantium
1246 717 1302 793 di-

224 843 339 914 cteria
364 822 402 912 et
427 838 603 913 obscoeni
628 853 751 936 gestus
777 840 982 939 turbaeque
1007 841 1122 914 sacris
1148 840 1302 938 perfun-

224 974 304 1035 ctae
328 959 511 1050 ludibria‚
553 959 600 1033 de
626 961 761 1060 quibus
795 961 870 1035 alio
896 962 979 1035 loco
1006 961 1129 1035 dicere
1155 982 1300 1059 propo-

222 1085 339 1157 situm
365 1092 432 1155 est
481 1078 568 1154 Iam
601 1083 635 1155 si
669 1082 886 1157 clericorum
923 1083 1088 1156 occultae
1112 1079 1299 1171 libidines,
1338 1166 1341 1171 ,

223 1207 257 1278 si
282 1204 464 1276 laicorum
490 1226 559 1300 per
584 1201 665 1275 dies
690 1198 808 1277 festos
833 1203 1111 1293 bacchationes,
1145 1203 1178 1275 si
1203 1222 1299 1298 quae
1394 1292 1397 1297 ‚

222 1323 476 1422 perditissima
501 1336 539 1398 et
562 1324 691 1397 infima
714 1325 801 1399 faex
819 1325 952 1424 populi
977 1321 1129 1423 templis
1154 1344 1301 1418 egressa
1362 1302 1369 1319 ⁸

221 1449 263 1519 in
287 1445 439 1543 popinis
466 1456 504 1517 et
527 1447 654 1540 ganeis
680 1448 775 1541 agit,
815 1468 862 1518 ea
894 1448 1021 1519 omnia
1051 1446 1085 1518 si
1106 1442 1171 1519 :ad
1205 1430 1300 1517 chri-

220 1567 382 1639 stianam
407 1565 624 1660 religionem
649 1568 838 1664 pertinent
870 1568 959 1664 qnia
989 1581 1159 1663 tempore
1191 1585 1298 1637 sacro
1412 1558 1417 1569 '

220 1689 336 1777 fiunt,
374 1696 456 1759 tum
497 1683 658 1784 denique
698 1684 901 1761 concedam
934 1686 981 1760 de
1013 1684 1297 1759 Atheniensium

221 1809 336 1883 sacris
362 1807 634 1901 augustissimis
659 1808 787 1882 valere
818 1829 915 1905 quac
945 1809 1144 1903 scriptores
1170 1803 1297 1877 Eccle-

220 1929 362 2003 siastici
388 1928 573 2001 criminati
597 1937 695 2002 sunt.
748 1928 961 2025 Sanequam
976 1923 1153 1999 credibile
1173 1934 1231 1997 est
1255 1925 1296 1996 in
1372 1944 1375 1951 ·

220 2061 325 2124 tanto
350 2048 547 2124 hominum
573 2060 758 2125 conventu
793 2060 942 2144 tamque
976 2045 1091 2142 effusa
1126 2047 1296 2119 omnium

218 2152 363 2245 laetitia
393 2169 514 2243 multa
547 2183 676 2244 contra
705 2171 995 2264 saracenusque
1019 2165 1140 2239 bonos
1171 2187 1295 2239 mores

217 2288 318 2367 fac‘ta
351 2313 452 2381 esse,
492 2314 587 2391 quae
622 2293 836 2366 etiamnunc
864 2290 960 2362 liunt
991 2288 1213 2386 praesertim
1254 2288 1296 2359 in

186 2457 190 2464 ·
220 2412 496 2489 Catholicorum
520 2416 646 2487 missis
670 2412 860 2486 nocturnis
881 2421 920 2484 ct
939 2407 1297 2508 peregrinationibus
1394 2491 1398 2496 ,

219 2535 401 2630 religiosis
435 2536 654 2608 catervatim
687 2534 868 2631 susceptis
878 2526 935 2631 [¹¹].
986 2528 1065 2606 Sed
1102 2532 1143 2603 in
1181 2531 1296 2603 sacris
1364 2545 1368 2560 ·

219 2657 325 2753 ipsis,
349 2660 391 2728 in
417 2666 617 2749 conspectu
632 2675 863 2736 summorum
889 2653 1185 2746 magistratuum,
1209 2659 1297 2724 ante

220 2776 347 2849 oculos
362 2772 561 2864 ,Cimonis,
593 2775 783 2866 Platonis,
820 2772 1028 2861 Cleanthis,
1051 2771 1214 2866 Lycurgi
1237 2772 1295 2846 vi·

216 2917 280 2994 ros
305 2895 542 2992 feminasque
565 2896 788 2994 pudicitiam
821 2917 930 2971 suam
955 2896 1214 2992 prostituisse,
1246 2911 1294 2962 no

217 3023 366 3086 centum
393 3013 544 3112 quidem
570 3017 783 3113 Presbyteri
807 3016 917 3090 nobis
942 3013 1227 3112 persuadebunt

288 3161 328 3234 [ἆ]
347 3165 379 3220 In
396 3165 511 3220 Caecilii
521 3169 613 3221 sebnia
630 3169 724 3222 Titthe
741 3167 786 3221 1⁴¹1
804 3167 827 3220 Ι.
844 3183 909 3251 per
921 3168 1096 3235 mysteria
1119 3165 1176 3216 hic
1197 3161 1292 3214 inbo-

217 3240 318 3289 neste
342 3254 413 3291 eam
437 3239 643 3306 gravidavit
669 3240 813 3307 probro,
839 3237 943 3291 Nonius
960 3239 1068 3292 verbum
1085 3231 1293 3305 gravidavit

218 3306 305 3359 nescio
330 3324 364 3359 an
388 3325 524 3377 perperam
540 3309 730 3379 interpretatur
746 3306 917 3378 implevit
952 3302 1291 3361 pientissimorum

216 3377 317 3432 illam
333 3380 514 3448 stupravit
532 3380 673 3432 Cereris
690 3369 841 3446 vigiliis.
857 3378 910 3431 His
927 3378 1030 3448 probris
1047 3372 1196 3429 siaeduhio
1209 3373 1292 3426 Eleu

215 3449 283 3502 ainis
300 3466 351 3501 non
368 3467 491 3516 caruere,
497 3452 608 3520 quibus
632 3448 811 3502 meretriculas
834 3449 942 3502 alicime
964 3452 1038 3517 patet
1054 3463 1089 3497 ex
1105 3444 1220 3513 Alcipbr.
1239 3445 1290 3515 Ep.

216 3520 321 3588 ungu.
338 3520 386 3573 IV.
404 3527 432 3573 et
448 3523 543 3574 Athen.
560 3521 637 3574 XIII
654 3518 765 3571 69111.
807 3514 1082 3584 Themistiusaliquis
1098 3521 1181 3569 tuone
1197 3516 1293 3569 mdia-

215 3597 258 3644 tua
284 3591 354 3660 qnod
377 3591 562 3646 citharistriam
586 3588 773 3678 Rhodisra‘bl
738 3610 756 3644 v
755 3594 833 3674 βρισε
856 3596 913 3649 τοῖς
931 3587 1104 3647 Ἐλευσινίοις
1126 3586 1249 3639 Dinarcb
1268 3605 1290 3640 e.

215 3659 393 3800 libid}
389 3651 1291 3815 itii‘tttt‘ttttttttttttfflttttttottii

215 3819 242 3871 p
266 3801 327 3855 435.
362 3802 555 3855 Eleusiniorum
579 3800 683 3870 flagitio
579 3802 826 3871 flagrargncnti
849 3818 864 3852 c
889 3797 962 3852 Dein.
985 3817 1012 3868 p
1038 3798 1100 3851 Cor.
1126 3818 1152 3869 p.
1178 3797 1239 3853 ³13.
1263 3803 1290 3849 et

219 3872 307 3925 Schol.
325 3872 396 3926 Plnt
415 3869 491 3924 1015.
509 3890 616 3941 quorum
633 3874 748 3926 locorum
765 3873 838 3943 prior
854 3870 1025 3924 mucosus
1042 3887 1095 3923 non
1110 3871 1233 3953 partinet,
1250 3868 1290 3921 al-

216 3951 258 3994 ter
281 3944 402 3996 muheres
426 3943 528 3995 Atticas
552 3962 604 3997 noa
628 3942 687 4015 plus
710 3943 806 3996 iecisse
829 3942 940 4011 prohat,
965 3957 1042 4011 quom
1067 3941 1137 4011 quod
1154 3940 1231 3994 hodie
1249 3941 1289 3992 ia-

217 4014 289 4067 ciunt
306 4014 399 4067 diebus
415 4014 584 4080 solemnibus,
603 4018 767 4086 spectant
784 4017 992 4084 spectentur
1008 4013 1071 4066 nt'
1063 4029 1168 4083 ipsae.
