2917 4600
529 266 803 323 oarfllen
1126 256 1203 333 437

125 420 234 511 due,
270 420 477 517 subjeetum
511 420 628 494 fuisse
658 432 787 521 putat3
825 447 945 524 neque
978 431 1049 503 erit
1080 430 1200 525 facilc,

125 543 184 615 coi
208 562 287 614 non
312 541 373 641 ad,
388 543 550 640 primam
574 542 685 638 hujtss
711 544 823 640 elogii
858 550 1086 624 mentionem
1109 553 1200 628 haec

123 664 298 758 cogitatio
323 661 484 753 ineidat,
516 662 795 759 sipmeeertim
820 667 1050 759 meminerit,
1082 674 1199 768 picto

123 805 183 856 res
219 794 258 855 et
291 785 478 879 poetae[⁰]
513 781 673 856 deorum
711 807 789 857 non
825 785 939 859 modo
974 793 1125 886 nuptias
1160 805 1199 866 et

124 925 270 976 amores
295 901 532 976 sedrsatales
556 925 706 1000 quoqne
729 918 950 1002 exsequutos
976 931 1075 1001 esso,
1099 910 1199 987 unde
1312 928 1314 933 “

125 1021 285 1099 &nnus
316 1023 515 1121 multiplex
542 1022 696 1119 jocandi
735 1028 903 1100 materia
962 1027 1037 1102 Sed
1071 1030 1198 1106 haeret

33 1176 37 1183 ·
122 1143 215 1217 haec
240 1144 470 1247 conjectura,
495 1154 676 1240 tanquam
701 1146 744 1217 in
766 1146 940 1244 scopulo,
964 1149 1006 1221 in
1029 1149 1198 1245 Polysdi
1297 1192 1304 1211 ι

37 1331 40 1341 ,
122 1263 269 1354 fahnla3
293 1285 384 1339 nam
406 1261 457 1339 de
478 1262 669 1338 Musarum
695 1276 810 1362 partu
834 1266 1033 1364 quomodo·
1048 1292 1196 1346 comoe-

124 1382 190 1458 dia
212 1385 315 1457 nasci
340 1386 480 1482 possit,
515 1386 583 1460 vix
605 1387 798 1476 invenias,
835 1408 954 1485 neque
977 1390 1196 1487 intelligitur

122 1504 250 1593 facile,
283 1526 356 1603 qua
380 1506 526 1579 ratione
551 1505 712 1580 Philisco
743 1508 784 1579 in
809 1528 884 1581 una
908 1507 1037 1581 fabula
1057 1510 1194 1610 Ἑρμοῦ

122 1625 188 1702 καὶ
221 1623 439 1725 Ἀφροδίτης
476 1624 607 1731 γοναί,
659 1624 856 1700 amborum
894 1626 1050 1704 deorum
1090 1641 1195 1703 ortus

120 1744 231 1839 longo
257 1742 426 1819 diversos
451 1743 640 1819 includere
662 1744 820 1821 licuerit.
857 1746 981 1844 Hujus
1004 1772 1095 1823 vero
1122 1748 1193 1823 dil·

120 1866 295 1939 lienltatis
320 1863 422 1939 haud
447 1863 550 1939 aliud
575 1865 772 1959 suffugium
799 1869 888 1957 orit,
922 1891 1032 1965 quam
1059 1879 1101 1943 nt
1124 1870 1194 1945 has

121 1986 267 2061 fabulas
294 2007 317 2058 a
342 1986 573 2059 solemnibus
599 1983 859 2061 denominatas
885 1999 1078 2084 putemus,
1103 2011 1194 2086 quo·

121 2129 205 2181 rom
244 2106 442 2200 imaginem
481 2118 800 2202 repraesentarent
841 2107 1033 2183 imitandis
1068 2111 1194 2184 eonvi-

122 2230 214 2318 viis,
250 2224 456 2326 pervigiliis
482 2224 640 2323 aliisque
667 2225 839 2316 ludicris,
875 2250 970 2325 quae
1003 2226 1053 2301 ad
1078 2229 1194 2302 animi

121 2349 323 2445 requietem
349 2346 707 2443 delectationemque
740 2360 976 2445 quaeruntur.
1026 2347 1123 2422 Nam
1153 2351 1195 2421 in

122 2469 193 2543 hoo
207 2490 353 2566 qnoque
372 2476 588 2561 argumento
605 2464 775 2540 Comicos
791 2468 951 2542 multum
973 2490 1109 2567 operae
1123 2492 1192 2567 po-

123 2590 242 2662 suisse
268 2585 468 2659 ostendunt
492 2585 688 2660 Menandri
722 2599 761 2659 et
786 2587 1020 2686 Theopompi
1046 2587 1193 2663 fabulae

118 2707 338 2811 Ἀφροδίσια
352 2799 356 2804 ⁴
369 2709 584 2805 inscriptae,
629 2707 798 2803 ejusdem
831 2708 1026 2782 Menandri
1057 2708 1193 2799 Κόλαξ,

123 2851 197 2930 qua
230 2827 383 2901 Veneris
416 2825 648 2928 Pandemi[‘¹]
683 2829 783 2902 diem
814 2829 952 2902 festum
987 2828 1193 2926 descripsit,

194 3033 234 3104 [θ]
252 3032 364 3086 Alcaeus
388 3031 499 3084 Vulcani
524 3038 553 3085 et
578 3031 704 3085 Mercurii
727 3028 812 3104 γονάς
828 3034 923 3086 cecinit
939 3032 1063 3087 Meoaod.
1080 3033 1114 3085 de
1129 3031 1190 3085 En·
1273 3058 1279 3077 .

123 3119 188 3162 com.
206 3104 267 3156 Vll.
284 3121 310 3172 p.
327 3099 371 3154 48.
394 3101 550 3176 'Pimothens
566 3103 684 3156 Semelae
702 3101 809 3164 ὠδῖνας.
831 3102 1022 3175 Palaephatus,
1040 3110 1119 3172 poeta
1136 3103 1192 3171 epi-

122 3192 184 3240 cus,
209 3174 278 3226 filius
300 3172 394 3226 Actaei
417 3180 445 3225 et
461 3173 526 3238 Bins
543 3173 671 3241 (Boeoic,
694 3175 773 3243 puto)
786 3171 955 3235 Ἀπόλλωνος
971 3178 1017 3227 καὶ
1036 3173 1192 3245 Ἀρτέμιδος

122 3240 207 3316 γονάς
220 3242 367 3328 ‘scripsisse
392 3242 486 3295 dicitnr
502 3243 582 3329 nSnid.
605 3244 725 3329 idemque
743 3251 918 3311 argumentum
935 3244 1061 3328 tractavit
1078 3244 1191 3297 Philam-

122 3331 252 3440 idol.
270 3312 531 3437 lt‘h‘l'M‘lfl,
542 3314 1192 3454 irllssffiltllidtffildllhllt

122 3472 171 3525 pus
188 3452 294 3523 scripsit
310 3452 398 3515 Γονὰς
411 3450 571 3528 Ἑπικούρου
589 3458 637 3508 eet
653 3452 701 3516 ricc
715 3459 937 3527 θρησκευομένας
953 3451 997 3508 ὑπ’
1013 3454 1103 3508 αὐτῶν
1116 3450 1191 3508 εἰκά-

123 3525 175 3588 δας
190 3524 269 3592 Diog.
287 3524 319 3574 V.
338 3525 410 3577 Men.
429 3530 455 3591 s.
471 3524 515 3577 86.

184 3626 237 3697 ’[ὖ]
255 3628 375 3681 Permale
391 3629 497 3682 nonnuli
512 3629 685 3698 Volgivagarn
701 3628 917 3698 interpretantur,
942 3629 1110 3698 quo‘nomine
1128 3646 1192 3681 nun-

123 3715 201 3771 qnam
217 3698 289 3750 diota
306 3705 347 3752 est
364 3699 422 3751 dea.
445 3700 504 3753 Nee
520 3700 665 3753 Pandemos
682 3699 846 3768 significatur
862 3701 896 3752 ah
913 3700 1067 3769 Eugraphio
1085 3698 1119 3750 ad
1136 3699 1192 3750 Te-

122 3777 189 3823 rent
213 3767 282 3821 Enn.
305 3769 372 3824 12.
395 3769 582 3823 Menander
606 3775 726 3840 aperte
750 3770 838 3822 dicit
867 3772 1068 3823 meretrices
1094 3770 1193 3835 juxta

124 3842 255 3894 domum
287 3856 383 3894 suam
400 3841 455 3892 vel
472 3841 506 3893 in
524 3841 618 3894 atrio
636 3840 766 3894 solitas
784 3840 916 3892 hahere
933 3856 1022 3893 aram
1041 3837 1192 3890 Veneris

123 3909 330 3979 vulgariae,
353 3909 409 3964 cni
435 3911 591 3980 quotidie
614 3911 884 3976 saerilicarent,
914 3910 961 3962 sed
983 3910 1025 3963 vel
1046 3908 1193 3980 Ἀφροδίτη

124 3977 237 4053 moun,
263 3995 314 4050 quo
331 3981 434 4035 nemine
450 3981 536 4070 nopai
554 3981 626 4034 oua
642 3986 693 4046 set,
709 3980 753 4034 vel
768 3979 876 4048 'Erotion
892 3982 986 4035 Athen.
1001 3978 1074 4033 lllll.
1092 3976 1135 4032 81.
1154 3979 1190 4032 ci.

124 4052 249 4106 lineatas.
267 4054 302 4107 ad
319 4051 436 4121 {leyen
453 4069 475 4104 s.
493 4056 618 4124 Eratque
