2917 4600
251 151 326 226 162
606 162 753 218 stultit
777 161 967 217 antuus,

248 325 388 400 Verum
419 345 495 397 non
514 321 699 421 disputo,
734 344 847 421 mam
879 341 980 397 vana
1013 321 1073 393 sitx
1087 319 1155 392 illa
1179 307 1331 419 opinio3

250 438 356 545 patet
381 445 500 534 enim3
525 441 592 516 setl
618 441 779 515 ostendo.
800 440 901 515 unde
927 452 966 513 et
990 460 1182 542 quousque
1204 423 1334 539 profe·

251 576 330 654 cta,
356 574 395 654 et
420 561 470 638 ad
494 585 710 660 perversam
730 563 964 660 antiquitatis
984 562 1331 664 interpretationem

252 686 495 784 quantumin
522 705 568 756 ea
591 682 704 757 fuerit
728 684 920 757 momenti.
966 681 1117 753 Etenim
1144 681 1229 753 hino
1255 686 1334 779 pri-

251 826 353 877 mum
374 805 483 877 natus
503 812 561 875 est
579 804 643 876 ille
662 825 821 877 arcanae
844 802 1064 900 disciplinae
1084 802 1333 893 rumusculus,

219 945 325 1021 ,quo
358 924 453 997 nihil
485 923 587 1021 apud
618 929 766 999 veteres
799 924 1007 1019 vulgatius,
1039 921 1134 994 nihil
1160 919 1209 1027 atl
1238 925 1334 997 veri-
1429 921 1434 930 “

254 1055 372 1120 tatem
403 1044 524 1118 levius
557 1045 822 1143 infirmiusque.
881 1042 937 1116 Ac
968 1065 1061 1140 prae
1093 1042 1224 1116 ceteris
1259 1043 1334 1137 Py-

253 1163 447 1257 thagoreos
488 1165 765 1261 antiquissimos
804 1173 957 1236 namant
987 1163 1143 1236 inventa
1176 1184 1246 1236 sua
1276 1165 1334 1236 ita

253 1283 456 1356 occultasse
495 1296 538 1357 ut
578 1285 624 1359 ab
661 1286 845 1358 extraneis
880 1281 1032 1356 omnino
1067 1303 1142 1354 non
1177 1295 1333 1380 possent

252 1403 456 1501 penetrari3
490 1403 590 1500 quotl
624 1426 688 1479 eos
719 1426 797 1476 non
820 1404 952 1476 fecisse
977 1413 1096 1499 neque
1121 1401 1236 1476 ullam
1263 1407 1332 1478 sci-

253 1524 375 1596 entiae
400 1525 609 1618 partemin
634 1544 782 1598 recessu
807 1522 1001 1611 habuisse,
1033 1524 1248 1597 oectissimis
1273 1546 1332 1598 ar-

129 1661 132 1668 ·
252 1642 436 1738 gumentis
476 1641 747 1718 demonstravit
785 1642 1018 1716 Meinersius.
1077 1641 1174 1716 'lum
1206 1644 1333 1718 Plato-

252 1783 338 1834 nem
371 1784 517 1859 quoque
549 1764 739 1838 thesauris
763 1764 972 1837 secretioris
1006 1760 1195 1836 doctrinae
1219 1765 1331 1848 ,incu-

252 1881 360 1954 basse
385 1881 527 1957 volunt
544 1885 584 1956 in
610 1881 815 1988 ἀγράφοις,
841 1894 884 1956 ut
910 1881 1048 1970 dicunt,
1074 1879 1238 1987 cloppem
1264 1905 1331 1957 vo·

251 2001 309 2074 lut
340 1999 527 2092 defossae3
568 2001 670 2099 prod
701 2022 775 2098 quo
808 2000 955 2075 facilius
987 1999 1101 2074 fidem
1132 2002 1332 2092 inveniret,

101 2119 104 2124 ’
252 2125 460 2219 composita
485 2132 543 2194 est
566 2122 634 2195 illa
657 2120 708 2194 ad
719 2121 947 2215 Dionysium
970 2122 1142 2219 epistola,
1168 2133 1329 2216 tyranno

186 2265 192 2288 ¹
251 2241 381 2339 digna,
417 2241 642 2341 philosopho
675 2239 942 2337 indignissima„
977 2240 1022 2315 of.
1048 2240 1121 2316 Ast
1144 2241 1329 2316 Pleto’s

250 2362 406 2436 Leben
437 2362 529 2436 und
562 2364 802 2436 Schriften
834 2387 872 2462 p.
899 2360 986 2436 509.
1018 2384 1071 2460 sq.
1123 2363 1329 2453 Postremo,

250 2504 299 2555 ne
326 2505 400 2579 que
419 2482 640 2557 Aristoteles
667 2507 691 2557 a
716 2485 895 2580 magistro
922 2483 1101 2557 defecisse
1125 2482 1331 2574 viderettu,

252 2601 345 2675 duas
371 2604 671 2676 consarcinarunt
695 2603 788 2677 alias
815 2604 1005 2702 epistolas,
1031 2626 1144 2677 unam
1167 2603 1331 2680 Alexan·

251 2718 310 2794 thi
334 2721 572 2820 profanatam
596 2725 636 2797 in
661 2722 795 2818 vulgus
819 2723 1098 2823 philosophiam
1122 2724 1329 2798 lamentan-

107 2857 122 2935 Ἰ
251 2843 317 2932 tis,
344 2842 499 2916 alteram
525 2842 737 2917 Aristotelis
762 2845 883 2940 ipsius
906 2846 962 2919 ita
985 2867 1027 2918 se
1053 2846 1261 2919 exomantis
1287 2855 1330 2918 ut

250 2956 445 3056 prodendo
480 2963 574 3035 nihil
590 2961 801 3064 proditum
836 2986 917 3038 esse
942 2964 1052 3038 dicet
1077 2986 1116 3040 v.
1142 2963 1327 3038 Plutarch.

250 3075 296 3148 V.
320 3076 432 3151 Alex.
458 3106 487 3155 n
513 3080 592 3156 Vll.
625 3084 746 3181 Eique
770 3082 920 3157 fabulae
945 3105 1072 3158 rursus
1099 3083 1203 3158 aliud
1227 3108 1329 3158 com·

250 3188 416 3271 mentum
443 3202 732 3297 conglutinatum
758 3214 980 3295 attentum,
1006 3207 1072 3303 qui
1087 3203 1330 3281 Aristotelem

250 3316 446 3415 perhibent
465 3322 725 3423 philosophiae
741 3334 872 3423 operta
884 3328 925 3398 in
942 3326 1133 3400 esotericis
1150 3337 1332 3401 mactasse

249 3435 484 3532 lectionibus,
509 3465 586 3518 non
610 3443 713 3542 quod
738 3445 873 3541 vulgus
900 3452 945 3519 ee'
969 3469 1090 3545 nequo
1116 3459 1244 3545 posset
1269 3468 1329 3520 ca·

248 3579 340 3657 pore
363 3583 483 3660 neque
516 3566 668 3639 omniuo
696 3564 943 3658 desideraret,
968 3566 1036 3641 sed
1060 3588 1108 3641 ne
1134 3589 1218 3642 cum
1244 3566 1329 3666 plu·

249 3677 353 3753 ribus
378 3687 651 3758 communicata
675 3687 924 3761 evilescerent
965 3685 1049 3777 Quo
1074 3686 1169 3761 nihil
1195 3710 1219 3760 a
1242 3686 1328 3786 phi·

249 3795 493 3899 losophorum
532 3805 684 3878 nomine
726 3816 766 3879 et
801 3828 957 3881 munere
995 3810 1114 3906 magis
1147 3807 1325 3896 alienum,

249 3919 314 4011 qui
344 3922 376 3991 si
409 3923 490 3997 lieri
518 3935 664 4019 posset,
704 3948 832 4001 omnes
867 3928 1036 4003 homines
1069 3927 1325 4003 adventatis
