2917 4600
516 246 865 307 annusrura
1154 235 1229 310 197

150 407 198 481 ab
222 408 332 479 initio
359 410 569 502 congregati
601 417 682 480 tum
714 411 756 481 in
782 420 974 505 posterum
1000 409 1135 481 retenti
1168 410 1226 483 vi·

149 526 294 599 dentur.
358 523 482 614 Quam
521 529 818 602 criminationem
857 526 929 601 sibi
967 526 1225 601 incredibilem
1334 588 1360 609 „

148 648 271 724 videri
296 644 477 746 permulti
505 630 693 721 ¹testificati
726 660 832 740 sunt,
871 672 936 721 eur
967 660 1091 722 autem
1124 647 1225 722 credi

148 791 223 841 non
248 770 381 868 possit,
409 768 606 842 ostendere
631 768 929 866 supersederunt
980 768 1136 843 sivero
1162 791 1224 841 ec·

147 912 231 962 rum
257 887 349 961 tides
375 891 544 962 maxime
569 900 742 987 suspecta
768 902 846 980 est,
886 890 952 989 qui
976 890 1059 963 veri
1093 911 1224 986 cogno-

148 1008 274 1082 scendi
299 1009 497 1081 minimam
522 1008 740 1083 facultatem
765 1012 992 1098 habuerunt,
1025 1012 1150 1083 nescio
1176 1032 1225 1082 an

147 1129 307 1202 illorum'
325 1130 549 1227 scriptorum
574 1132 698 1231 nullus
732 1128 782 1203 ad
806 1127 1107 1228 persuadendum
1132 1130 1224 1202 satis

147 1250 379 1323 auctoritatis
429 1248 575 1323 habeat.
643 1247 872 1324 Clementem
912 1248 1223 1338 Alexandrinum,

146 1371 356 1446 Arnobium
389 1380 429 1442 et
460 1368 602 1444 lulium
634 1371 839 1453 Firmicnm
881 1372 1017 1444 scimus
1050 1392 1074 1444 a
1107 1371 1224 1465 genti·

145 1491 239 1565 lium
265 1493 379 1565 sacris
405 1489 454 1564 ad
478 1504 607 1565 nostra
640 1494 834 1565 transiisse
862 1513 982 1588 neque
1008 1488 1223 1563 dubitamus
1346 1500 1353 1510 ‘

147 1615 237 1709 quin
271 1612 528 1707 flagitiorum„
552 1611 687 1709 quihus
723 1613 861 1701 Isiaco,
898 1610 1145 1684 Bacchanalia
1185 1620 1223 1682 et

146 1731 343 1804 Mithriaca
373 1733 495 1832 pollui
519 1732 790 1822 vociferantur,
832 1743 898 1806 aut
930 1732 1006 1829 ipsi
1037 1741 1150 1803 testes
1185 1739 1225 1800 ct

146 1864 373 1950 spectatores
387 1853 599 1952 fuerint[⁸]‚
631 1865 697 1927 aut
714 1876 739 1926 a
758 1851 1030 1951 spectatoribus
1047 1851 1222 1923 notitiam
1280 1882 1283 1893 ·

146 1974 362 2070 acceperint
412 1973 613 2047 Eleusiniis
639 1996 750 2047 nemo
784 1972 936 2046 illorum
960 1995 1002 2047 se
1032 1975 1221 2046 initiatum
1329 1964 1335 1979 ‘

146 2116 227 2167 esse
248 2095 459 2191 profitetur,
493 2116 537 2167 ac
557 2117 605 2166 ne
627 2097 668 2167 in
689 2092 816 2167 Attica
839 2092 989 2190 quidem
1016 2112 1221 2166 commora-

146 2227 243 2306 tum3
259 2225 409 2313 totaque
424 2236 556 2287 eorum
571 2214 777 2314 disputatio
794 2212 967 2303 ostendit,
984 2214 1141 2284 crimina
1156 2211 1223 2282 illa

145 2339 283 2436 partim
308 2332 362 2409 ex
383 2336 541 2409 historia
559 2334 719 2407 fabulari
742 2334 897 2408 collecta
916 2334 1055 2433 partim
1073 2357 1095 2405 e
1120 2352 1222 2405 com·

147 2460 254 2529 muni
275 2479 462 2531 sacrorum
482 2458 726 2550 mysticorum
751 2456 909 2529 infamia
934 2453 1104 2528 derivata
1129 2473 1221 2524 esse.
1326 2481 1330 2502 1

147 2575 245 2650 Nam
259 2580 343 2674 quia
363 2581 404 2651 in
418 2580 635 2652 universum
650 2576 843 2652 constabat
857 2575 1144 2672 uniuscujusque
1159 2570 1230 2644 dei

147 2700 356 2770 cerimoniis
378 2699 579 2793 imaginem
600 2720 743 2790 eorum,
772 2720 868 2798 quae
888 2699 971 2795 ipse
993 2695 1142 2769 fecisset
1163 2702 1221 2764 tu·

144 2818 309 2908 lissetve‚
335 2820 525 2908 contineri,
551 2841 627 2892 non
648 2820 880 2908 dubitabant,
906 2819 996 2916 quin
1013 2815 1043 2887 ii
1060 2813 1221 2910 turpiter

145 2939 375 3027 colerentur,
400 2941 464 3035 qui
490 2939 609 3012 multa
633 2942 793 3039 turpiter
817 2940 949 3014 fecisse
974 2932 1219 3009 crederentur.

143 3058 274 3156 ltaque
307 3060 421 3130 etiam
456 3062 701 3154 argumentati
732 3057 837 3150 sunt,
874 3054 1054 3156 quidquid
1086 3064 1221 3151 poetae

146 3179 193 3251 de
220 3176 383 3274 Cybelae
415 3179 477 3254 vel
512 3177 656 3252 Cereris
688 3180 917 3277 Liberaeque
949 3177 1089 3275 stupris
1120 3184 1220 3247 rem-

145 3299 286 3388 lissent,
312 3297 442 3373 eadem
470 3301 596 3373 omnia
621 3301 661 3372 in
687 3302 802 3373 sacris
828 3321 954 3372 earum
981 3287 1136 3370 dearum
1164 3293 1219 3367 di-

146 3422 215 3492 ctis
241 3420 420 3516 factisque
453 3422 739 3494 sacrificantium
772 3417 974 3517 impudicis
1008 3415 1218 3489 instaurari.

146 3537 230 3611 Huc
265 3551 345 3640 tota
376 3539 474 3613 redit
506 3540 784 3636 Athenagorae,
827 3537 964 3613 Justini
998 3549 1036 3611 et
1069 3533 1220 3646 'datiani

217 3703 256 3773 [Ι]
276 3703 384 3756 Tatian.
410 3704 469 3757 adv.
495 3705 592 3759 Graec.
616 3707 641 3776 p.
661 3704 720 3758 165.
739 3706 772 3757 A.
794 3707 878 3758 ταῦτα
896 3693 947 3757 οὖν
962 3697 1046 3769 ἰδών,
1065 3701 1105 3754 ἔτι
1122 3697 1154 3752 δὲ
1171 3699 1217 3749 καὶ

143 3778 200 3827 πᾶν
222 3780 379 3848 μυστηρίων
403 3775 564 3846 μεταλαβὼν
587 3779 634 3830 καὶ
658 3774 707 3837 τὰς
723 3772 800 3847 παρὰ
816 3778 886 3829 πᾶσι
901 3776 1049 3862 θρησκείας
1066 3762 1218 3855 &metim

144 3841 191 3896 dab
212 3844 370 3917 θηλυδριῶν
394 3850 439 3898 καὶ
463 3842 642 3920 ἀνδρογύνων
666 3850 878 3918 συνισταμένας,
903 3841 992 3917 rupeis
1015 3840 1047 3894 dl
1071 3855 1147 3910 παρα
1163 3836 1218 3909 μὲν

140 3911 284 3985 Ῥωμαίοις
300 3913 348 3969 τὸν
366 3912 517 3984 Auratam
528 3921 584 3970 Alc
601 3913 712 3988 λύθροις
724 3912 882 3982 ἀνθρώπων
897 3908 1076 3985 τερπόμενον,
1089 3903 1218 3980 Ἄρτεμιν

131 3983 177 4039 ’δὲ
195 3984 229 4039 οὐ
245 3984 357 4057 μακρὰν
374 3989 419 4052 τῆς
437 3984 540 4049 πόλεως
556 3990 612 4043 τῶν
629 3988 719 4042 αὐτῶν
736 3984 862 4060 πράξεων
879 3982 910 4040 rb
927 3978 999 4043 εἶδος
1010 3974 1133 4051 (αἶσχος)
1145 3979 1215 4033 ἔπα-

146 4060 309 4129 νῃρημένην.
