2917 4600
512 208 862 275 tunnensis:
1173 197 1217 283 n

149 371 208 447 his
243 381 329 445 uter
359 369 471 469 Apoh
501 395 539 471 p.
562 372 652 449 446.
678 371 853 449 uellere
877 373 1006 469 leges
1031 373 1219 451 serimu-

148 494 354 582 niorum,
394 492 469 566 fes
505 493 814 589 religionum,
855 494 931 589 jus
970 515 1218 575 sacrorum.

150 614 368 691 hennum
394 614 529 689 lustitt.
554 612 618 689 IV.
642 638 673 687 o.
700 611 737 686 3.
763 610 953 693 deorum
977 614 1139 705 cultus,
1161 617 1219 691 in*

148 734 240 832 quit,
265 752 357 808 non
381 732 523 808 hehet
546 733 845 832 sapientiam,
871 735 979 830 quie
1001 735 1220 811 nihil-ihi

150 853 375 942 discitur,
410 852 532 950 quod
563 854 791 952 proficiat
823 850 881 928 ed
911 876 1066 937 mores
1091 879 1219 933 exeo·

149 972 316 1057 leudos
347 974 587 1072 vitemque
619 971 927 1065 formandam
966 992 1049 1048 nee
1079 973 1219 1051 hehet

148 1093 511 1190 inquisitionem
536 1095 737 1193 aliquem
761 1096 993 1186 veritatis,
1017 1093 1098 1172 sed
1123 1106 1218 1172 ton-

149 1212 392 1288 tummodo
423 1216 567 1290 ritum
602 1214 811 1306 colendi,
839 1216 923 1312 qui
947 1217 1216 1295 ministerio

153 1335 364 1433 eorporis
389 1335 644 1435 constet[·].
676 1331 864 1432 cupidum
888 1334 948 1426 id,
974 1349 1017 1411 ut
1043 1333 1218 1413 advera-

149 1455 218 1545 n’i,
248 1452 372 1530 videri
404 1467 532 1552 posset
561 1456 835 1543 testinnonium,
865 1456 939 1531 uisi
970 1458 1218 1535 meseonem

148 1574 207 1649 illi
236 1575 329 1674 ipsi,
363 1585 491 1647 eontm
521 1598 613 1672 quos
638 1576 792 1665 dioitru,
817 1595 975 1672 quorum
998 1575 1123 1651 nuilus
1149 1589 1218 1670 est,

148 1696 214 1794 qni
244 1691 498 1771 ssoerdutibus
530 1696 761 1795 plusquam
792 1693 977 1786 vovendi,
1008 1694 1218 1789 dedicandi,

147 1814 328 1915 precandi
357 1826 398 1888 et
429 1815 659 1893 sacrificandi
680 1817 875 1893 scientium
899 1815 1048 1891 minuat
1097 1816 1218 1895 varro

148 1937 190 2011 in
220 1937 345 2036 primo
377 1937 637 2035 antiquitamm
663 1934 893 2028 diumrum,
918 1959 1041 2036 quum
1066 1940 1140 2014 tris
1163 1940 1218 2013 fe-

151 2058 261 2131 osset
277 2055 672 2153 muneremunere,
695 2078 829 2132 unum
857 2058 1105 2151 mythicon,
1129 2082 1217 2157 quo

148 2179 354 2253 maxime
385 2188 581 2254 utuntur
605 2191 795 2278 poetae,
827 2176 1028 2251 alterum
1059 2177 1218 2273 physi-

150 2321 255 2389 oon,
281 2321 369 2398 quo
394 2296 692 2397 philosophi,
717 2298 914 2371 tertium
939 2294 1105 2386 civile,
1130 2319 1216 2395 quo

152 2420 337 2518 populi,
369 2420 440 2492 hoo
470 2420 621 2494 tertium
652 2439 767 2513 geum
792 2438 816 2490 o
839 2414 1001 2491 seumdo
1025 2415 1138 2513 plone
1161 2416 1219 2492 di-

155 2560 323 2631 versum,
355 2540 578 2628 maxime,
608 2540 749 2635 inquit,
780 2536 1055 2643 sacerdotes
1079 2559 1218 2614 nosse

153 2671 291 2757 utque
334 2657 668 2736 administrare
706 2657 895 2753 dehent,
935 2659 985 2733 in
1016 2679 1103 2755 quo
1134 2671 1217 2749 est,

153 2802 268 2876 quos
300 2779 410 2854 deos
444 2779 617 2868 colere,
649 2800 766 2876 quoe
797 2800 932 2852 sacre
964 2792 1011 2853 et
1035 2778 1216 2852 sacrifi-

153 2900 225 2972 cia
248 2899 403 2974 faeere
427 2919 680 2997 quenquam
703 2921 788 2998 per
807 2900 878 2972 sit.
897 2922 935 2996 p.
956 2880 1044 2972 214.
1067 2897 1217 2998 uipont

149 3018 288 3094 lisdem
320 3020 487 3094 terminis
510 3018 617 3092 Plato
642 3017 874 3093 sacerdotum
899 3020 1130 3116 provinciam
1154 3018 1217 3093 de·

151 3140 279 3214 scribit
308 3141 349 3214 in
379 3140 488 3215 Polie
520 3163 558 3240 p.
590 3139 677 3215 290.
707 3139 824 3217 Ι).τό
857 3150 937 3217 τῶν
960 3140 1088 3238 ἱερέων
1111 3141 1217 3244 γένος
1246 3177 1250 3182 ’

152 3262 255 3364 παρὰ
279 3260 351 3361 μὲν
374 3262 484 3362 ἡμῶν
508 3260 651 3363 δωρεὰς
674 3265 779 3345 θεοῖς
803 3260 868 3337 διὰ
893 3265 1045 3338 θυσιῶν
1070 3265 1217 3357 ἐπιστῆ-

221 3513 264 3584 [2]
282 3514 420 3585 Augustino
438 3515 472 3569 de
490 3514 550 3568 Cir.
567 3513 589 3567 1.
606 3512 632 3575 4.
656 3513 713 3567 Dii
728 3511 786 3565 illi
803 3513 959 3566 cultores
975 3529 1053 3566 suos
1070 3513 1112 3566 ed
1130 3513 1217 3566 bene

157 3582 336 3642 vivendum
358 3603 464 3657 quere
489 3584 595 3639 nuliis
618 3583 757 3654 legibus
780 3583 1015 3653 adiuverunt?
1038 3592 1088 3636 eto
1105 3591 1133 3635 et
1149 3600 1172 3634 e.
1189 3581 1216 3635 6.

156 3651 227 3707 Nee
240 3656 344 3710 nohis
360 3657 478 3711 neseio
495 3672 582 3726 quos
599 3670 754 3708 susurros
771 3654 1055 3724 paucissimorum
1072 3651 1216 3705 turibus

156 3724 336 3780 anhelatos
351 3735 386 3780 et
403 3743 527 3781 steens
543 3724 640 3779 velut
656 3724 831 3791 religione
845 3727 997 3796 jsetent,
1022 3723 1150 3792 quihus
1167 3722 1216 3775 vi·

155 3803 208 3848 tse
230 3797 391 3868 probitas
414 3798 643 3866 castitasque
668 3794 840 3860 discetur,
865 3797 926 3849 sed
944 3795 1216 3852 demonstrentur
1318 3807 1325 3824 ·

51 3903 56 3909 -
155 3864 230 3920 loen
245 3867 383 3922 talibus
399 3866 590 3939 aliqnando
607 3865 870 3920 conventiculis
886 3867 1092 3920 consecratu
1106 3892 1143 3907 -·
1159 3862 1215 3916 ubi

156 3938 276 4008 populi
298 3938 480 4004 uenirent,
503 3935 586 4007 qnid
609 3934 660 3990 dii
683 3937 934 4008 prseeeperint
958 3934 999 3987 ds
1022 3933 1215 3987 cohibenda

158 4007 323 4075 sustitit,
341 4009 530 4065 sorbitione
545 4006 745 4078 inungendo,
761 4006 899 4061 luxurie
915 4003 1132 4060 refrenando.
