<?xml version="1.0" encoding="UTF-8"?>
<!DOCTYPE html PUBLIC "-//W3C//DTD XHTML 1.0 Transitional//EN"
    "http://www.w3.org/TR/xhtml1/DTD/xhtml1-transitional.dtd">
<html xmlns="http://www.w3.org/1999/xhtml" xml:lang="en" lang="en">
 <head>
  <title>
</title>
<meta http-equiv="Content-Type" content="text/html;charset=utf-8" />
  <meta name='ocr-system' content='tesseract 3.04.00' />
  <meta name='ocr-capabilities' content='ocr_page ocr_carea ocr_par ocr_line ocrx_word'/>
</head>
<body>
  <div class='ocr_page' id='page_1' title='image "aglaophamussive03lobegoog_0108.png"; bbox 0 0 2917 4600; ppageno 0'>
   <div class='ocr_carea' id='block_1_1' title="bbox 280 217 991 294">
    <p class='ocr_par' dir='ltr' id='par_1_1' title="bbox 280 217 991 294">
     <span class='ocr_line' id='line_1_1' title="bbox 280 217 991 294; baseline -0.007 0"><span class='ocrx_word' id='word_1_1' title='bbox 280 217 331 294; x_wconf 75' lang='lat' dir='ltr'>ot</span> <span class='ocrx_word' id='word_1_2' title='bbox 634 231 778 289; x_wconf 79' lang='lat' dir='ltr'>ereren</span> <span class='ocrx_word' id='word_1_3' title='bbox 804 234 991 291; x_wconf 76' lang='lat' dir='ltr'>narnus.</span> 
     </span>
    </p>
   </div>
   <div class='ocr_carea' id='block_1_2' title="bbox 228 390 1437 2281">
    <p class='ocr_par' dir='ltr' id='par_1_2' title="bbox 228 390 1437 2281">
     <span class='ocr_line' id='line_1_2' title="bbox 278 390 1350 492; baseline 0.001 -27"><span class='ocrx_word' id='word_1_4' title='bbox 278 391 470 490; x_wconf 84' lang='lat' dir='ltr'>pleeeantl</span> <span class='ocrx_word' id='word_1_5' title='bbox 507 390 604 465; x_wconf 83' lang='lat' dir='ltr'>Sunt</span> <span class='ocrx_word' id='word_1_6' title='bbox 632 413 723 467; x_wconf 78' lang='lat' dir='ltr'>vero</span> <span class='ocrx_word' id='word_1_7' title='bbox 756 394 865 468; x_wconf 86' lang='lat' dir='ltr'>multi</span> <span class='ocrx_word' id='word_1_8' title='bbox 896 406 934 467; x_wconf 91' lang='lat' dir='ltr'>et</span> <span class='ocrx_word' id='word_1_9' title='bbox 966 403 1074 468; x_wconf 87' lang='lat' dir='ltr'>erunt</span> <span class='ocrx_word' id='word_1_10' title='bbox 1097 394 1350 492; x_wconf 69' lang='lat' dir='ltr'>mesphres,</span> 
     </span>
     <span class='ocr_line' id='line_1_3' title="bbox 277 511 1350 611; baseline 0.003 -26"><span class='ocrx_word' id='word_1_11' title='bbox 277 512 410 585; x_wconf 87' lang='lat' dir='ltr'>siiste</span> <span class='ocrx_word' id='word_1_12' title='bbox 433 533 534 588; x_wconf 82' lang='lat' dir='ltr'>nova</span> <span class='ocrx_word' id='word_1_13' title='bbox 557 523 671 602; x_wconf 86' lang='lat' dir='ltr'>aetas,</span> <span class='ocrx_word' id='word_1_14' title='bbox 698 535 809 611; x_wconf 90' lang='lat' dir='ltr'>quem</span> <span class='ocrx_word' id='word_1_15' title='bbox 836 511 1018 588; x_wconf 86' lang='lat' dir='ltr'>Cousinus</span> <span class='ocrx_word' id='word_1_16' title='bbox 1045 514 1282 589; x_wconf 81' lang='lat' dir='ltr'>vaticinantis</span> <span class='ocrx_word' id='word_1_17' title='bbox 1306 516 1350 588; x_wconf 90' lang='lat' dir='ltr'>in</span> 
     </span>
     <span class='ocr_line' id='line_1_4' title="bbox 277 630 1347 732; baseline 0.004 -28"><span class='ocrx_word' id='word_1_18' title='bbox 277 630 431 704; x_wconf 84' lang='lat' dir='ltr'>modurn</span> <span class='ocrx_word' id='word_1_19' title='bbox 471 631 796 732; x_wconf 70' lang='lat' dir='ltr'>praenunciet[⁶]‚</span> <span class='ocrx_word' id='word_1_20' title='bbox 828 634 1037 732; x_wconf 74' lang='lat' dir='ltr'>paullulum</span> <span class='ocrx_word' id='word_1_21' title='bbox 1069 631 1347 708; x_wconf 87' lang='lat' dir='ltr'>irroboreverit.</span> 
     </span>
     <span class='ocr_line' id='line_1_5' title="bbox 277 749 1349 850; baseline 0.001 -26"><span class='ocrx_word' id='word_1_22' title='bbox 277 749 354 824; x_wconf 71' lang='lat' dir='ltr'>aad</span> <span class='ocrx_word' id='word_1_23' title='bbox 376 760 464 822; x_wconf 88' lang='lat' dir='ltr'>sunt</span> <span class='ocrx_word' id='word_1_24' title='bbox 488 761 603 841; x_wconf 80' lang='lat' dir='ltr'>certe,</span> <span class='ocrx_word' id='word_1_25' title='bbox 629 755 693 849; x_wconf 89' lang='lat' dir='ltr'>qui</span> <span class='ocrx_word' id='word_1_26' title='bbox 718 754 856 826; x_wconf 88' lang='lat' dir='ltr'>Plotini</span> <span class='ocrx_word' id='word_1_27' title='bbox 881 753 1040 828; x_wconf 84' lang='lat' dir='ltr'>asseelea</span> <span class='ocrx_word' id='word_1_28' title='bbox 1065 763 1241 850; x_wconf 86' lang='lat' dir='ltr'>tanquam</span> <span class='ocrx_word' id='word_1_29' title='bbox 1268 775 1349 826; x_wconf 85' lang='lat' dir='ltr'>oer-</span> 
     </span>
     <span class='ocr_line' id='line_1_6' title="bbox 276 867 1437 970; baseline 0.004 -29"><span class='ocrx_word' id='word_1_30' title='bbox 276 870 440 941; x_wconf 68' lang='lat' dir='ltr'>t&#39;nsirnos</span> <span class='ocrx_word' id='word_1_31' title='bbox 464 867 754 967; x_wconf 86' lang='lat' dir='ltr'>philosophandi</span> <span class='ocrx_word' id='word_1_32' title='bbox 778 883 946 946; x_wconf 77' lang='lat' dir='ltr'>auctores</span> <span class='ocrx_word' id='word_1_33' title='bbox 973 885 1011 946; x_wconf 91' lang='lat' dir='ltr'>et</span> <span class='ocrx_word' id='word_1_34' title='bbox 1034 873 1164 945; x_wconf 79' lang='lat' dir='ltr'>uniam</span> <span class='ocrx_word' id='word_1_35' title='bbox 1189 871 1349 966; x_wconf 85' lang='lat' dir='ltr'>antiqui·</span> <span class='ocrx_word' id='word_1_36' title='bbox 1432 959 1437 970; x_wconf 32' lang='lat'><strong><em>¹</em></strong></span> 
     </span>
     <span class='ocr_line' id='line_1_7' title="bbox 275 987 1347 1088; baseline 0.003 -29"><span class='ocrx_word' id='word_1_37' title='bbox 275 987 364 1059; x_wconf 87' lang='lat' dir='ltr'>tetis</span> <span class='ocrx_word' id='word_1_38' title='bbox 402 987 620 1084; x_wconf 79' lang='lat' dir='ltr'>intepretes</span> <span class='ocrx_word' id='word_1_39' title='bbox 657 988 932 1088; x_wconf 77' lang='lat' dir='ltr'>propemodum</span> <span class='ocrx_word' id='word_1_40' title='bbox 964 992 1005 1063; x_wconf 89' lang='lat' dir='ltr'>in</span> <span class='ocrx_word' id='word_1_41' title='bbox 1036 990 1179 1062; x_wconf 86' lang='lat' dir='ltr'>eoelum</span> <span class='ocrx_word' id='word_1_42' title='bbox 1212 987 1347 1062; x_wconf 80' lang='lat' dir='ltr'>ferant</span> 
     </span>
     <span class='ocr_line' id='line_1_8' title="bbox 275 1104 1348 1204; baseline 0.001 -25"><span class='ocrx_word' id='word_1_43' title='bbox 275 1104 361 1179; x_wconf 87' lang='lat' dir='ltr'>Non</span> <span class='ocrx_word' id='word_1_44' title='bbox 391 1105 524 1196; x_wconf 86' lang='lat' dir='ltr'>laetos,</span> <span class='ocrx_word' id='word_1_45' title='bbox 556 1109 688 1204; x_wconf 84' lang='lat' dir='ltr'>inquis.</span> <span class='ocrx_word' id='word_1_46' title='bbox 745 1108 805 1182; x_wconf 90' lang='lat' dir='ltr'>De</span> <span class='ocrx_word' id='word_1_47' title='bbox 835 1109 968 1182; x_wconf 87' lang='lat' dir='ltr'>eeteris</span> <span class='ocrx_word' id='word_1_48' title='bbox 998 1129 1075 1180; x_wconf 90' lang='lat' dir='ltr'>non</span> <span class='ocrx_word' id='word_1_49' title='bbox 1099 1107 1212 1181; x_wconf 89' lang='lat' dir='ltr'>nimis</span> <span class='ocrx_word' id='word_1_50' title='bbox 1236 1128 1348 1203; x_wconf 89' lang='lat' dir='ltr'>repu-</span> 
     </span>
     <span class='ocr_line' id='line_1_9' title="bbox 275 1223 1348 1324; baseline 0.001 -27"><span class='ocrx_word' id='word_1_51' title='bbox 275 1245 357 1320; x_wconf 76' lang='lat' dir='ltr'>gno.</span> <span class='ocrx_word' id='word_1_52' title='bbox 384 1223 460 1297; x_wconf 81' lang='lat' dir='ltr'>Sed</span> <span class='ocrx_word' id='word_1_53' title='bbox 485 1225 671 1322; x_wconf 88' lang='lat' dir='ltr'>quomode</span> <span class='ocrx_word' id='word_1_54' title='bbox 698 1225 771 1299; x_wconf 89' lang='lat' dir='ltr'>hee</span> <span class='ocrx_word' id='word_1_55' title='bbox 801 1226 849 1301; x_wconf 86' lang='lat' dir='ltr'>de</span> <span class='ocrx_word' id='word_1_56' title='bbox 863 1227 1027 1322; x_wconf 82' lang='lat' dir='ltr'>&#39;l&#39;ayloro</span> <span class='ocrx_word' id='word_1_57' title='bbox 1053 1228 1235 1324; x_wconf 79' lang='lat' dir='ltr'>suspicari</span> <span class='ocrx_word' id='word_1_58' title='bbox 1257 1247 1348 1323; x_wconf 85' lang='lat' dir='ltr'>poa·</span> 
     </span>
     <span class='ocr_line' id='line_1_10' title="bbox 275 1345 1347 1442; baseline -0.003 -23"><span class='ocrx_word' id='word_1_59' title='bbox 275 1363 420 1434; x_wconf 83' lang='lat' dir='ltr'>sumus,</span> <span class='ocrx_word' id='word_1_60' title='bbox 460 1349 524 1442; x_wconf 90' lang='lat' dir='ltr'>qui</span> <span class='ocrx_word' id='word_1_61' title='bbox 562 1348 601 1417; x_wconf 90' lang='lat' dir='ltr'>in</span> <span class='ocrx_word' id='word_1_62' title='bbox 645 1346 916 1421; x_wconf 84' lang='lat' dir='ltr'>Platonieorum</span> <span class='ocrx_word' id='word_1_63' title='bbox 948 1345 1074 1420; x_wconf 89' lang='lat' dir='ltr'>studio</span> <span class='ocrx_word' id='word_1_64' title='bbox 1106 1347 1213 1442; x_wconf 85' lang='lat' dir='ltr'>quasi</span> <span class='ocrx_word' id='word_1_65' title='bbox 1244 1347 1347 1420; x_wconf 77' lang='lat' dir='ltr'>ritae</span> 
     </span>
     <span class='ocr_line' id='line_1_11' title="bbox 275 1462 1346 1564; baseline -0.001 -26"><span class='ocrx_word' id='word_1_66' title='bbox 275 1485 364 1541; x_wconf 85' lang='lat' dir='ltr'>snae</span> <span class='ocrx_word' id='word_1_67' title='bbox 396 1463 629 1538; x_wconf 82' lang='lat' dir='ltr'>tabernemla</span> <span class='ocrx_word' id='word_1_68' title='bbox 661 1466 882 1540; x_wconf 81' lang='lat' dir='ltr'>eolloeevitl</span> <span class='ocrx_word' id='word_1_69' title='bbox 914 1468 978 1564; x_wconf 89' lang='lat' dir='ltr'>qui</span> <span class='ocrx_word' id='word_1_70' title='bbox 1004 1465 1159 1554; x_wconf 83' lang='lat' dir='ltr'>Plotini,</span> <span class='ocrx_word' id='word_1_71' title='bbox 1191 1462 1346 1537; x_wconf 80' lang='lat' dir='ltr'>lambli-</span> 
     </span>
     <span class='ocr_line' id='line_1_12' title="bbox 275 1581 1346 1684; baseline -0.001 -25"><span class='ocrx_word' id='word_1_72' title='bbox 275 1586 353 1675; x_wconf 86' lang='lat' dir='ltr'>ohi,</span> <span class='ocrx_word' id='word_1_73' title='bbox 383 1581 534 1656; x_wconf 83' lang='lat' dir='ltr'>Proculi</span> <span class='ocrx_word' id='word_1_74' title='bbox 568 1582 683 1656; x_wconf 89' lang='lat' dir='ltr'>libros</span> <span class='ocrx_word' id='word_1_75' title='bbox 715 1586 931 1684; x_wconf 87' lang='lat' dir='ltr'>plerosque,</span> <span class='ocrx_word' id='word_1_76' title='bbox 967 1584 1127 1682; x_wconf 82' lang='lat' dir='ltr'>denique</span> <span class='ocrx_word' id='word_1_77' title='bbox 1151 1584 1346 1658; x_wconf 72' lang='lat' dir='ltr'>Platonem</span> 
     </span>
     <span class='ocr_line' id='line_1_13' title="bbox 228 1703 1346 1803; baseline 0.001 -26"><span class='ocrx_word' id='word_1_78' title='bbox 228 1727 234 1738; x_wconf 64' lang='grc'><strong>“</strong></span> <span class='ocrx_word' id='word_1_79' title='bbox 275 1707 413 1803; x_wconf 88' lang='lat' dir='ltr'>ipsum,</span> <span class='ocrx_word' id='word_1_80' title='bbox 438 1712 596 1802; x_wconf 85' lang='lat' dir='ltr'>quantus</span> <span class='ocrx_word' id='word_1_81' title='bbox 620 1715 778 1800; x_wconf 87' lang='lat' dir='ltr'>quantus</span> <span class='ocrx_word' id='word_1_82' title='bbox 804 1718 871 1794; x_wconf 81' lang='lat' dir='ltr'>eet,</span> <span class='ocrx_word' id='word_1_83' title='bbox 896 1707 936 1776; x_wconf 91' lang='lat' dir='ltr'>in</span> <span class='ocrx_word' id='word_1_84' title='bbox 961 1703 1201 1779; x_wconf 81' lang='lat' dir='ltr'>vemaeulum</span> <span class='ocrx_word' id='word_1_85' title='bbox 1226 1715 1346 1778; x_wconf 64' lang='lat' dir='ltr'>uene</span> 
     </span>
     <span class='ocr_line' id='line_1_14' title="bbox 275 1820 1345 1918; baseline 0 -21"><span class='ocrx_word' id='word_1_86' title='bbox 275 1825 361 1897; x_wconf 82' lang='lat' dir='ltr'>tulit</span> <span class='ocrx_word' id='word_1_87' title='bbox 390 1820 621 1898; x_wconf 84' lang='lat' dir='ltr'>sermoneml</span> <span class='ocrx_word' id='word_1_88' title='bbox 656 1824 760 1918; x_wconf 75' lang='lat' dir='ltr'>eujus</span> <span class='ocrx_word' id='word_1_89' title='bbox 794 1825 1012 1918; x_wconf 76' lang='lat' dir='ltr'>conlectrnia</span> <span class='ocrx_word' id='word_1_90' title='bbox 1048 1823 1147 1895; x_wconf 87' lang='lat' dir='ltr'>doeti</span> <span class='ocrx_word' id='word_1_91' title='bbox 1172 1822 1345 1897; x_wconf 90' lang='lat' dir='ltr'>homines</span> 
     </span>
     <span class='ocr_line' id='line_1_15' title="bbox 274 1923 1345 2039; baseline -0.003 -22"><span class='ocrx_word' id='word_1_92' title='bbox 274 1946 428 2019; x_wconf 84' lang='lat' dir='ltr'>inventa</span> <span class='ocrx_word' id='word_1_93' title='bbox 466 1963 534 2014; x_wconf 88' lang='lat' dir='ltr'>sua</span> <span class='ocrx_word' id='word_1_94' title='bbox 565 1955 817 2038; x_wconf 70' lang='lat' dir='ltr'>superstruere</span> <span class='ocrx_word' id='word_1_95' title='bbox 849 1944 970 2017; x_wconf 88' lang='lat' dir='ltr'>solent</span> <span class='ocrx_word' id='word_1_96' title='bbox 1001 1923 1176 2039; x_wconf 85' lang='lat' dir='ltr'>tanquam</span> <span class='ocrx_word' id='word_1_97' title='bbox 1210 1941 1345 2015; x_wconf 80' lang='lat' dir='ltr'>funda-</span> 
     </span>
     <span class='ocr_line' id='line_1_16' title="bbox 275 2060 1345 2161; baseline -0.002 -23"><span class='ocrx_word' id='word_1_98' title='bbox 275 2061 433 2138; x_wconf 81' lang='lat' dir='ltr'>mentisl</span> <span class='ocrx_word' id='word_1_99' title='bbox 464 2063 535 2136; x_wconf 85' lang='lat' dir='ltr'>Est</span> <span class='ocrx_word' id='word_1_100' title='bbox 558 2083 648 2134; x_wconf 86' lang='lat' dir='ltr'>sane</span> <span class='ocrx_word' id='word_1_101' title='bbox 673 2083 809 2161; x_wconf 87' lang='lat' dir='ltr'>eneeps</span> <span class='ocrx_word' id='word_1_102' title='bbox 829 2060 1032 2158; x_wconf 84' lang='lat' dir='ltr'>judicium3</span> <span class='ocrx_word' id='word_1_103' title='bbox 1064 2062 1247 2156; x_wconf 82' lang='lat' dir='ltr'>&#39;l&#39;eylorus</span> <span class='ocrx_word' id='word_1_104' title='bbox 1279 2064 1345 2151; x_wconf 84' lang='lat' dir='ltr'>ait,</span> 
     </span>
     <span class='ocr_line' id='line_1_17' title="bbox 274 2180 1343 2281; baseline -0.003 -23"><span class='ocrx_word' id='word_1_105' title='bbox 274 2183 513 2258; x_wconf 82' lang='lat' dir='ltr'>Ruhnkenius</span> <span class='ocrx_word' id='word_1_106' title='bbox 539 2194 657 2277; x_wconf 82' lang='lat' dir='ltr'>negat</span> <span class='ocrx_word' id='word_1_107' title='bbox 696 2180 798 2255; x_wconf 85' lang='lat' dir='ltr'>Utri</span> <span class='ocrx_word' id='word_1_108' title='bbox 824 2181 1047 2257; x_wconf 79' lang='lat' dir='ltr'>ereditiel</span> <span class='ocrx_word' id='word_1_109' title='bbox 1072 2182 1255 2281; x_wconf 74' lang='lat' dir='ltr'>Epuidem</span> <span class='ocrx_word' id='word_1_110' title='bbox 1281 2204 1343 2255; x_wconf 84' lang='lat' dir='ltr'>me</span> 
     </span>
    </p>
   </div>
   <div class='ocr_carea' id='block_1_3' title="bbox 274 2302 1344 2999">
    <p class='ocr_par' dir='ltr' id='par_1_3' title="bbox 274 2302 1344 2999">
     <span class='ocr_line' id='line_1_18' title="bbox 274 2302 1344 2402; baseline -0.003 -24"><span class='ocrx_word' id='word_1_111' title='bbox 274 2327 350 2378; x_wconf 91' lang='lat' dir='ltr'>non</span> <span class='ocrx_word' id='word_1_112' title='bbox 372 2307 623 2402; x_wconf 70' lang='lat' dir='ltr'>interponam</span> <span class='ocrx_word' id='word_1_113' title='bbox 657 2315 806 2376; x_wconf 85' lang='lat' dir='ltr'>tantum</span> <span class='ocrx_word' id='word_1_114' title='bbox 831 2302 970 2393; x_wconf 87' lang='lat' dir='ltr'>dicam,</span> <span class='ocrx_word' id='word_1_115' title='bbox 1003 2315 1180 2400; x_wconf 89' lang='lat' dir='ltr'>quantum</span> <span class='ocrx_word' id='word_1_116' title='bbox 1206 2327 1253 2375; x_wconf 82' lang='lat' dir='ltr'>ex</span> <span class='ocrx_word' id='word_1_117' title='bbox 1275 2302 1344 2376; x_wconf 86' lang='lat' dir='ltr'>illa</span> 
     </span>
     <span class='ocr_line' id='line_1_19' title="bbox 276 2421 1342 2523; baseline -0.004 -25"><span class='ocrx_word' id='word_1_118' title='bbox 276 2422 546 2498; x_wconf 79' lang='lat' dir='ltr'>Chaldaeorum</span> <span class='ocrx_word' id='word_1_119' title='bbox 585 2423 816 2501; x_wconf 85' lang='lat' dir='ltr'>oraoulerum</span> <span class='ocrx_word' id='word_1_120' title='bbox 857 2423 1071 2496; x_wconf 82' lang='lat' dir='ltr'>collectione</span> <span class='ocrx_word' id='word_1_121' title='bbox 1094 2424 1137 2523; x_wconf 74' lang='lat'>[⁶]</span> <span class='ocrx_word' id='word_1_122' title='bbox 1173 2421 1342 2518; x_wconf 79' lang='lat' dir='ltr'>judicare</span> 
     </span>
     <span class='ocr_line' id='line_1_20' title="bbox 274 2540 1341 2642; baseline -0.003 -25"><span class='ocrx_word' id='word_1_123' title='bbox 274 2566 439 2642; x_wconf 89' lang='lat' dir='ltr'>possum,</span> <span class='ocrx_word' id='word_1_124' title='bbox 465 2543 667 2635; x_wconf 81' lang='lat' dir='ltr'>‘l&#39;eylorum</span> <span class='ocrx_word' id='word_1_125' title='bbox 693 2545 733 2615; x_wconf 94' lang='lat' dir='ltr'>in</span> <span class='ocrx_word' id='word_1_126' title='bbox 759 2540 1046 2640; x_wconf 78' lang='lat' dir='ltr'>interpretandis</span> <span class='ocrx_word' id='word_1_127' title='bbox 1071 2555 1240 2617; x_wconf 87' lang='lat' dir='ltr'>veterum</span> <span class='ocrx_word' id='word_1_128' title='bbox 1259 2564 1341 2615; x_wconf 90' lang='lat' dir='ltr'>sen·</span> 
     </span>
     <span class='ocr_line' id='line_1_21' title="bbox 275 2650 1342 2759; baseline 0 -23"><span class='ocrx_word' id='word_1_129' title='bbox 275 2663 400 2736; x_wconf 86' lang='lat' dir='ltr'>tentiis</span> <span class='ocrx_word' id='word_1_130' title='bbox 441 2664 495 2734; x_wconf 87' lang='lat' dir='ltr'>sie</span> <span class='ocrx_word' id='word_1_131' title='bbox 530 2663 670 2735; x_wconf 86' lang='lat' dir='ltr'>versari</span> <span class='ocrx_word' id='word_1_132' title='bbox 702 2650 841 2750; x_wconf 87' lang='lat' dir='ltr'>solere,</span> <span class='ocrx_word' id='word_1_133' title='bbox 880 2674 924 2735; x_wconf 93' lang='lat' dir='ltr'>ut</span> <span class='ocrx_word' id='word_1_134' title='bbox 956 2684 1087 2759; x_wconf 86' lang='lat' dir='ltr'>neque</span> <span class='ocrx_word' id='word_1_135' title='bbox 1108 2661 1342 2736; x_wconf 84' lang='lat' dir='ltr'>librariorum</span> 
     </span>
     <span class='ocr_line' id='line_1_22' title="bbox 274 2778 1341 2879; baseline -0.001 -25"><span class='ocrx_word' id='word_1_136' title='bbox 274 2779 428 2869; x_wconf 89' lang='lat' dir='ltr'>menda,</span> <span class='ocrx_word' id='word_1_137' title='bbox 459 2801 578 2877; x_wconf 85' lang='lat' dir='ltr'>neque</span> <span class='ocrx_word' id='word_1_138' title='bbox 609 2778 885 2879; x_wconf 82' lang='lat' dir='ltr'>typothetarum</span> <span class='ocrx_word' id='word_1_139' title='bbox 911 2794 1032 2854; x_wconf 87' lang='lat' dir='ltr'>errata</span> <span class='ocrx_word' id='word_1_140' title='bbox 1056 2780 1341 2871; x_wconf 82' lang='lat' dir='ltr'>animadvertet,</span> 
     </span>
     <span class='ocr_line' id='line_1_23' title="bbox 275 2898 1341 2999; baseline 0 -26"><span class='ocrx_word' id='word_1_141' title='bbox 275 2899 341 2974; x_wconf 86' lang='lat' dir='ltr'>sed</span> <span class='ocrx_word' id='word_1_142' title='bbox 374 2898 538 2974; x_wconf 81' lang='lat' dir='ltr'>verbum</span> <span class='ocrx_word' id='word_1_143' title='bbox 577 2898 624 2972; x_wconf 90' lang='lat' dir='ltr'>de</span> <span class='ocrx_word' id='word_1_144' title='bbox 663 2900 778 2975; x_wconf 88' lang='lat' dir='ltr'>verbo</span> <span class='ocrx_word' id='word_1_145' title='bbox 819 2901 975 2974; x_wconf 84' lang='lat' dir='ltr'>reddere</span> <span class='ocrx_word' id='word_1_146' title='bbox 1006 2912 1199 2975; x_wconf 76' lang='lat' dir='ltr'>contentus</span> <span class='ocrx_word' id='word_1_147' title='bbox 1229 2920 1341 2999; x_wconf 83' lang='lat' dir='ltr'>saepe</span> 
     </span>
    </p>
   </div>
   <div class='ocr_carea' id='block_1_4' title="bbox 274 3086 1383 4062">
    <p class='ocr_par' dir='ltr' id='par_1_4' title="bbox 274 3086 1383 4062">
     <span class='ocr_line' id='line_1_24' title="bbox 275 3086 1337 3159; baseline 0.002 -19"><span class='ocrx_word' id='word_1_148' title='bbox 275 3087 394 3140; x_wconf 84' lang='lat' dir='ltr'>hendisse</span> <span class='ocrx_word' id='word_1_149' title='bbox 410 3086 474 3139; x_wconf 86' lang='lat' dir='ltr'>dicit</span> <span class='ocrx_word' id='word_1_150' title='bbox 491 3094 518 3140; x_wconf 86' lang='lat' dir='ltr'>et</span> <span class='ocrx_word' id='word_1_151' title='bbox 535 3089 707 3142; x_wconf 78' lang='lat' dir='ltr'>contusionem</span> <span class='ocrx_word' id='word_1_152' title='bbox 724 3089 887 3142; x_wconf 69' lang='lat' dir='ltr'>materiarum</span> <span class='ocrx_word' id='word_1_153' title='bbox 904 3089 971 3142; x_wconf 84' lang='lat' dir='ltr'>reale</span> <span class='ocrx_word' id='word_1_154' title='bbox 988 3089 1178 3142; x_wconf 84' lang='lat' dir='ltr'>cohaerentium</span> <span class='ocrx_word' id='word_1_155' title='bbox 1190 3096 1337 3159; x_wconf 83' lang='lat' dir='ltr'>temereque</span> 
     </span>
     <span class='ocr_line' id='line_1_25' title="bbox 274 3157 1338 3229; baseline 0.002 -19"><span class='ocrx_word' id='word_1_156' title='bbox 274 3159 429 3221; x_wconf 80' lang='lat' dir='ltr'>effusarum,</span> <span class='ocrx_word' id='word_1_157' title='bbox 455 3157 519 3209; x_wconf 84' lang='lat' dir='ltr'>haee</span> <span class='ocrx_word' id='word_1_158' title='bbox 535 3158 623 3211; x_wconf 79' lang='lat' dir='ltr'>addit:</span> <span class='ocrx_word' id='word_1_159' title='bbox 648 3159 683 3212; x_wconf 87' lang='lat' dir='ltr'>ld</span> <span class='ocrx_word' id='word_1_160' title='bbox 707 3176 789 3212; x_wconf 85' lang='lat' dir='ltr'>vero</span> <span class='ocrx_word' id='word_1_161' title='bbox 811 3177 927 3229; x_wconf 87' lang='lat' dir='ltr'>perum</span> <span class='ocrx_word' id='word_1_162' title='bbox 951 3158 1067 3212; x_wconf 83' lang='lat' dir='ltr'>mirum</span> <span class='ocrx_word' id='word_1_163' title='bbox 1084 3160 1226 3213; x_wconf 81' lang='lat' dir='ltr'>videtur</span> <span class='ocrx_word' id='word_1_164' title='bbox 1243 3160 1282 3212; x_wconf 82' lang='lat' dir='ltr'>ab</span> <span class='ocrx_word' id='word_1_165' title='bbox 1299 3176 1338 3212; x_wconf 84' lang='lat' dir='ltr'>ee</span> 
     </span>
     <span class='ocr_line' id='line_1_26' title="bbox 274 3227 1338 3299; baseline 0.001 -19"><span class='ocrx_word' id='word_1_166' title='bbox 274 3227 414 3298; x_wconf 79' lang='lat' dir='ltr'>hqrnine,</span> <span class='ocrx_word' id='word_1_167' title='bbox 432 3227 490 3295; x_wconf 84' lang='lat' dir='ltr'>qui</span> <span class='ocrx_word' id='word_1_168' title='bbox 507 3229 765 3299; x_wconf 77' lang='lat' dir='ltr'>philosophiam</span> <span class='ocrx_word' id='word_1_169' title='bbox 781 3228 1079 3298; x_wconf 84' lang='lat' dir='ltr'>neo-platonicam</span> <span class='ocrx_word' id='word_1_170' title='bbox 1099 3229 1256 3299; x_wconf 85' lang='lat' dir='ltr'>appellet</span> <span class='ocrx_word' id='word_1_171' title='bbox 1270 3246 1338 3282; x_wconf 89' lang='lat' dir='ltr'>sen-</span> 
     </span>
     <span class='ocr_line' id='line_1_27' title="bbox 274 3297 1337 3368; baseline 0.002 -18"><span class='ocrx_word' id='word_1_172' title='bbox 274 3298 349 3350; x_wconf 86' lang='lat' dir='ltr'>tina</span> <span class='ocrx_word' id='word_1_173' title='bbox 365 3304 399 3349; x_wconf 90' lang='lat' dir='ltr'>et</span> <span class='ocrx_word' id='word_1_174' title='bbox 415 3304 513 3349; x_wconf 81' lang='lat' dir='ltr'>cento</span> <span class='ocrx_word' id='word_1_175' title='bbox 530 3299 733 3351; x_wconf 79' lang='lat' dir='ltr'>versicolor.</span> <span class='ocrx_word' id='word_1_176' title='bbox 758 3298 919 3351; x_wconf 85' lang='lat' dir='ltr'>Proelurn</span> <span class='ocrx_word' id='word_1_177' title='bbox 937 3300 1044 3367; x_wconf 81' lang='lat' dir='ltr'>magis</span> <span class='ocrx_word' id='word_1_178' title='bbox 1062 3297 1221 3364; x_wconf 74' lang='lat' dir='ltr'>allatret,</span> <span class='ocrx_word' id='word_1_179' title='bbox 1240 3316 1337 3368; x_wconf 84' lang='lat' dir='ltr'>quern</span> 
     </span>
     <span class='ocr_line' id='line_1_28' title="bbox 275 3368 1338 3438; baseline 0.002 -19"><span class='ocrx_word' id='word_1_180' title='bbox 275 3368 482 3420; x_wconf 84' lang='lat' dir='ltr'>neseeedere</span> <span class='ocrx_word' id='word_1_181' title='bbox 498 3376 532 3421; x_wconf 86' lang='lat' dir='ltr'>et</span> <span class='ocrx_word' id='word_1_182' title='bbox 547 3368 817 3436; x_wconf 77' lang='lat' dir='ltr'>intelligendum</span> <span class='ocrx_word' id='word_1_183' title='bbox 834 3369 930 3422; x_wconf 75' lang='lat' dir='ltr'>facit.</span> <span class='ocrx_word' id='word_1_184' title='bbox 973 3369 1080 3422; x_wconf 84' lang='lat' dir='ltr'>&#39;l&#39;elee</span> <span class='ocrx_word' id='word_1_185' title='bbox 1095 3370 1274 3438; x_wconf 83' lang='lat' dir='ltr'>hueusque</span> <span class='ocrx_word' id='word_1_186' title='bbox 1292 3370 1338 3422; x_wconf 88' lang='lat' dir='ltr'>hi·</span> 
     </span>
     <span class='ocr_line' id='line_1_29' title="bbox 274 3437 1338 3502; baseline 0.002 -13"><span class='ocrx_word' id='word_1_187' title='bbox 274 3438 432 3490; x_wconf 81' lang='lat' dir='ltr'>storicos</span> <span class='ocrx_word' id='word_1_188' title='bbox 450 3439 602 3491; x_wconf 81' lang='lat' dir='ltr'>habuere</span> <span class='ocrx_word' id='word_1_189' title='bbox 618 3438 855 3491; x_wconf 78' lang='lat' dir='ltr'>Alexandrini.</span> <span class='ocrx_word' id='word_1_190' title='bbox 890 3437 949 3490; x_wconf 84' lang='lat' dir='ltr'>Hoe</span> <span class='ocrx_word' id='word_1_191' title='bbox 966 3448 1006 3492; x_wconf 86' lang='lat' dir='ltr'>est</span> <span class='ocrx_word' id='word_1_192' title='bbox 1022 3440 1055 3492; x_wconf 91' lang='lat' dir='ltr'>de</span> <span class='ocrx_word' id='word_1_193' title='bbox 1071 3439 1214 3502; x_wconf 86' lang='lat' dir='ltr'>Bruckero‚</span> <span class='ocrx_word' id='word_1_194' title='bbox 1233 3438 1338 3491; x_wconf 82' lang='lat' dir='ltr'>Mesha-</span> 
     </span>
     <span class='ocr_line' id='line_1_30' title="bbox 274 3507 1337 3577; baseline -0.002 -14"><span class='ocrx_word' id='word_1_195' title='bbox 274 3507 339 3572; x_wconf 72' lang='lat' dir='ltr'>uu‘o‚</span> <span class='ocrx_word' id='word_1_196' title='bbox 358 3507 540 3561; x_wconf 84' lang='lat' dir='ltr'>Teenemenno</span> <span class='ocrx_word' id='word_1_197' title='bbox 558 3508 664 3560; x_wconf 82' lang='lat' dir='ltr'>Cousini</span> <span class='ocrx_word' id='word_1_198' title='bbox 677 3508 818 3577; x_wconf 74' lang='lat' dir='ltr'>juditium</span> <span class='ocrx_word' id='word_1_199' title='bbox 840 3525 924 3577; x_wconf 86' lang='lat' dir='ltr'>neque</span> <span class='ocrx_word' id='word_1_200' title='bbox 946 3508 974 3561; x_wconf 89' lang='lat' dir='ltr'>id</span> <span class='ocrx_word' id='word_1_201' title='bbox 991 3509 1106 3562; x_wconf 87' lang='lat' dir='ltr'>mirum</span> <span class='ocrx_word' id='word_1_202' title='bbox 1124 3510 1165 3561; x_wconf 88' lang='lat' dir='ltr'>ab</span> <span class='ocrx_word' id='word_1_203' title='bbox 1182 3524 1221 3561; x_wconf 90' lang='lat' dir='ltr'>eo</span> <span class='ocrx_word' id='word_1_204' title='bbox 1239 3509 1337 3562; x_wconf 87' lang='lat' dir='ltr'>heari-</span> 
     </span>
     <span class='ocr_line' id='line_1_31' title="bbox 274 3577 1383 3648; baseline 0.003 -18"><span class='ocrx_word' id='word_1_205' title='bbox 274 3595 329 3643; x_wconf 88' lang='lat' dir='ltr'>ne‚</span> <span class='ocrx_word' id='word_1_206' title='bbox 354 3578 398 3647; x_wconf 91' lang='lat' dir='ltr'>qui</span> <span class='ocrx_word' id='word_1_207' title='bbox 416 3578 653 3631; x_wconf 83' lang='lat' dir='ltr'>Ecleetismus</span> <span class='ocrx_word' id='word_1_208' title='bbox 670 3587 697 3631; x_wconf 87' lang='lat' dir='ltr'>et</span> <span class='ocrx_word' id='word_1_209' title='bbox 714 3577 905 3637; x_wconf 74' lang='lat' dir='ltr'>recollexit</span> <span class='ocrx_word' id='word_1_210' title='bbox 927 3580 1211 3643; x_wconf 67' lang='lat' dir='ltr'>transremensis,</span> <span class='ocrx_word' id='word_1_211' title='bbox 1236 3596 1337 3648; x_wconf 82' lang='lat' dir='ltr'>quaes</span> <span class='ocrx_word' id='word_1_212' title='bbox 1379 3626 1383 3633; x_wconf 78' lang='grc'><strong>.</strong></span> 
     </span>
     <span class='ocr_line' id='line_1_32' title="bbox 275 3646 1335 3716; baseline 0.001 -15"><span class='ocrx_word' id='word_1_213' title='bbox 275 3646 405 3701; x_wconf 68' lang='lat' dir='ltr'>coeuzsro</span> <span class='ocrx_word' id='word_1_214' title='bbox 422 3648 534 3716; x_wconf 85' lang='lat' dir='ltr'>Tayleri</span> <span class='ocrx_word' id='word_1_215' title='bbox 551 3648 705 3701; x_wconf 82' lang='lat' dir='ltr'>admiratore</span> <span class='ocrx_word' id='word_1_216' title='bbox 722 3657 750 3701; x_wconf 83' lang='lat' dir='ltr'>et</span> <span class='ocrx_word' id='word_1_217' title='bbox 766 3647 901 3700; x_wconf 86' lang='lat' dir='ltr'>laudatore</span> <span class='ocrx_word' id='word_1_218' title='bbox 917 3666 1012 3700; x_wconf 79' lang='lat' dir='ltr'>suntme</span> <span class='ocrx_word' id='word_1_219' title='bbox 1030 3649 1057 3700; x_wconf 90' lang='lat' dir='ltr'>in</span> <span class='ocrx_word' id='word_1_220' title='bbox 1069 3648 1120 3701; x_wconf 86' lang='lat' dir='ltr'>Pre</span> <span class='ocrx_word' id='word_1_221' title='bbox 1150 3649 1254 3702; x_wconf 82' lang='lat' dir='ltr'>.l’roel.</span> <span class='ocrx_word' id='word_1_222' title='bbox 1267 3650 1304 3701; x_wconf 83' lang='lat' dir='ltr'>T.</span> <span class='ocrx_word' id='word_1_223' title='bbox 1314 3649 1335 3702; x_wconf 88' lang='lat'>1.</span> 
     </span>
     <span class='ocr_line' id='line_1_33' title="bbox 274 3717 1337 3788; baseline 0.002 -19"><span class='ocrx_word' id='word_1_224' title='bbox 274 3719 408 3785; x_wconf 81' lang='lat' dir='ltr'>exagitata</span> <span class='ocrx_word' id='word_1_225' title='bbox 425 3726 499 3782; x_wconf 88' lang='lat' dir='ltr'>suet,</span> <span class='ocrx_word' id='word_1_226' title='bbox 517 3734 566 3769; x_wconf 90' lang='lat' dir='ltr'>non</span> <span class='ocrx_word' id='word_1_227' title='bbox 584 3717 690 3785; x_wconf 77' lang='lat' dir='ltr'>indigne</span> <span class='ocrx_word' id='word_1_228' title='bbox 707 3736 770 3771; x_wconf 83' lang='lat' dir='ltr'>eane</span> <span class='ocrx_word' id='word_1_229' title='bbox 786 3718 884 3771; x_wconf 85' lang='lat' dir='ltr'>Plotini</span> <span class='ocrx_word' id='word_1_230' title='bbox 900 3736 1040 3788; x_wconf 86' lang='lat' dir='ltr'>preeeene;</span> <span class='ocrx_word' id='word_1_231' title='bbox 1058 3720 1112 3787; x_wconf 88' lang='lat' dir='ltr'>qui,</span> <span class='ocrx_word' id='word_1_232' title='bbox 1130 3725 1160 3772; x_wconf 84' lang='lat' dir='ltr'>ut</span> <span class='ocrx_word' id='word_1_233' title='bbox 1175 3719 1337 3788; x_wconf 72' lang='lat' dir='ltr'>Porphyrius</span> 
     </span>
     <span class='ocr_line' id='line_1_34' title="bbox 274 3782 1335 3861; baseline 0.002 -21"><span class='ocrx_word' id='word_1_234' title='bbox 274 3791 355 3840; x_wconf 79' lang='lat' dir='ltr'>refert</span> <span class='ocrx_word' id='word_1_235' title='bbox 370 3788 397 3840; x_wconf 83' lang='lat' dir='ltr'>in</span> <span class='ocrx_word' id='word_1_236' title='bbox 414 3789 477 3840; x_wconf 79' lang='lat' dir='ltr'>Vita</span> <span class='ocrx_word' id='word_1_237' title='bbox 494 3805 519 3856; x_wconf 86' lang='lat' dir='ltr'>p.</span> <span class='ocrx_word' id='word_1_238' title='bbox 536 3788 562 3838; x_wconf 85' lang='lat'>9.</span> <span class='ocrx_word' id='word_1_239' title='bbox 575 3782 611 3837; x_wconf 65' lang='lat' dir='ltr'>xne</span> <span class='ocrx_word' id='word_1_240' title='bbox 629 3788 902 3857; x_wconf 51' lang='lat' dir='ltr'>humenexloqueretur</span> <span class='ocrx_word' id='word_1_241' title='bbox 920 3786 1010 3860; x_wconf 79' lang='grc' dir='ltr'><strong><em>ἀναμη</em></strong></span> <span class='ocrx_word' id='word_1_242' title='bbox 1033 3792 1149 3842; x_wconf 69' lang='lat' dir='ltr'>swnnae</span> <span class='ocrx_word' id='word_1_243' title='bbox 1164 3789 1251 3861; x_wconf 86' lang='lat' dir='ltr'>potius</span> <span class='ocrx_word' id='word_1_244' title='bbox 1261 3805 1335 3859; x_wconf 83' lang='lat' dir='ltr'>quam</span> 
     </span>
     <span class='ocr_line' id='line_1_35' title="bbox 274 3809 1037 3994; baseline 0.001 -85"><span class='ocrx_word' id='word_1_245' title='bbox 274 3854 508 3994; x_wconf 58' lang='grc' dir='ltr'>ἀναμιῆνῖἦσκεται</span> <span class='ocrx_word' id='word_1_246' title='bbox 520 3857 618 3979; x_wconf 50' lang='lat' dir='ltr'>{iffi</span> <span class='ocrx_word' id='word_1_247' title='bbox 620 3858 755 3978; x_wconf 82' lang='lat' dir='ltr'>1malebat,</span> <span class='ocrx_word' id='word_1_248' title='bbox 773 3867 801 3912; x_wconf 86' lang='lat' dir='ltr'>et</span> <span class='ocrx_word' id='word_1_249' title='bbox 817 3809 1037 3927; x_wconf 68' lang='lat' dir='ltr'>alielrujusmodi.</span> 
     </span>
     <span class='ocr_line' id='line_1_36' title="bbox 413 3944 640 3979; baseline 0.009 -2"><span class='ocrx_word' id='word_1_250' title='bbox 413 3944 460 3977; x_wconf 77' lang='lat' dir='ltr'>‚e</span> <span class='ocrx_word' id='word_1_251' title='bbox 495 3964 503 3978; x_wconf 86' lang='lat'><strong>.</strong></span> <span class='ocrx_word' id='word_1_252' title='bbox 632 3964 640 3979; x_wconf 90' lang='lat'><strong><em>.</em></strong></span> 
     </span>
     <span class='ocr_line' id='line_1_37' title="bbox 356 3943 919 4062; baseline -0.002 -14"><span class='ocrx_word' id='word_1_253' title='bbox 356 3998 383 4062; x_wconf 65' lang='grc'>0]</span> <span class='ocrx_word' id='word_1_254' title='bbox 401 3943 527 4049; x_wconf 61' lang='lat' dir='ltr'>Classical</span> <span class='ocrx_word' id='word_1_255' title='bbox 544 3998 634 4049; x_wconf 82' lang='lat' dir='ltr'>Journ</span> <span class='ocrx_word' id='word_1_256' title='bbox 651 3996 684 4051; x_wconf 83' lang='lat' dir='ltr'>T.</span> <span class='ocrx_word' id='word_1_257' title='bbox 701 3996 774 4051; x_wconf 75' lang='lat' dir='ltr'>xvi.</span> <span class='ocrx_word' id='word_1_258' title='bbox 789 4006 818 4051; x_wconf 87' lang='lat' dir='ltr'>at</span> <span class='ocrx_word' id='word_1_259' title='bbox 834 3996 919 4050; x_wconf 81' lang='lat' dir='ltr'>xvn.</span> 
     </span>
    </p>
   </div>
   <div class='ocr_carea' id='block_1_5' title="bbox 0 0 1464 4600">
    <p class='ocr_par' dir='ltr' id='par_1_5' title="bbox 0 0 1464 4600">
     <span class='ocr_line' id='line_1_38' title="bbox 0 0 1464 4600; baseline 0 1"><span class='ocrx_word' id='word_1_260' title='bbox 0 0 1464 4600; x_wconf 95' lang='lat' dir='ltr'> </span> 
     </span>
    </p>
   </div>
  </div>
 </body>
</html>
