2917 4600
482 195 825 288 rnoosrsrs.
1107 219 1188 295 149

118 385 177 459 ll.
204 386 293 460 275.
319 383 402 461 Gor.
427 389 495 466 τόν
519 389 690 469 θανόντα
705 391 908 494 χαίροντας
923 393 1184 493 εὐφημοῦντας

114 509 331 606 ἐνοιέμπειν,
365 508 415 593 ὥς
447 516 513 606 τῆς
536 510 726 611 βελτίονος
750 509 1005 611 μετειληχότα,
1031 513 1052 589 ὁ
1078 517 1182 600 θεῖος
1208 537 1209 541 ’

113 628 179 703 καὶ
215 628 312 727 ἱερός
342 638 534 732 παρεγγυᾷ
568 629 694 735 λόγος,·
714 630 1016 729 disputationem
1049 629 1109 704 (le.
1122 655 1182 706 sa·

82 751 259 848 ·pientia
283 745 345 820 dei
370 750 424 820 sie
447 760 558 854 uuest
583 750 746 824 Galenus
773 751 820 825 tle
844 749 907 825 Us.
928 751 1023 824 Part
1038 750 1101 824 ΠΙ.
1122 751 1178 825 10.
1362 845 1368 856 ρ

113 868 201 942 361.
227 866 276 941 (le
299 868 422 941 afflatu
448 867 578 944 divino
603 869 757 944 Aristid.
781 868 829 942 de
854 871 1051 969 Paraplitls
1076 867 1179 943 Τ.Π.
1234 940 1237 944 ,

68 989 71 999 “
114 989 202 1062 392.
227 986 275 1061 de
299 987 538 1082 religionibus
567 990 746 1064 Pmoun:
760 989 805 1063 V.
837 992 909 1088 Ap.
935 991 980 1064 V.
1005 989 1067 1064 43.
1091 989 1178 1064 248.
1313 1002 1317 1014 '

111 1107 305 1181 lamblieh.
330 1106 374 1178 V.
395 1106 434 1179 P.
447 1107 508 1181 32.
522 1108 608 1182 215.
640 1109 717 1184 Sed
742 1112 940 1209 praecipue
964 1110 1179 1184 secretiores

110 1251 300 1304 unorum
339 1249 466 1302 causas
504 1231 557 1302 sie
597 1231 805 1329 appellatas
843 1252 943 1319 esse,
993 1229 1179 1304 lucianus

109 1350 324 1444 signifieat„
342 1347 390 1421 de
416 1347 486 1454 dea
511 1349 621 1444 Syria
644 1335 763 1424 multa
787 1348 860 1423 disi
885 1371 1056 1424 narrans:
1086 1360 1180 1428 aot--

110 1472 168 1547 λοὶ
200 1468 305 1574 λόγοι
338 1472 525 1574 ἐλέγοντο,
559 1473 596 1546 οἱ
626 1471 698 1571 μὲν
722 1471 817 1570 ἱροὶ,
850 1472 887 1547 οἱ
916 1467 960 1547 δὲ
984 1472 1176 1571 ἐμφανέες,

109 1593 146 1667 οἱ
186 1590 230 1666 δὲ
270 1588 390 1691 κάρτα
427 1588 624 1690 μυθώδεες
664 1616 693 1663 c.
732 1589 798 1663 XL
831 1589 891 1663 93.
951 1589 1002 1662 Et
1033 1586 1174 1663 Plutar-

109 1710 221 1798 chus,
257 1732 323 1783 eur
339 1710 555 1786 ‘sacerdotes
578 1709 848 1809 Aegyptiorum
873 1709 1037 1808 piscibus
1062 1707 1175 1812 abstie

106 1840 241 1919 noant,
267 1826 452 1927 duplicem
477 1828 524 1902 ab
550 1830 609 1903 bis
636 1829 749 1934 λόγον
773 1832 896 1906 afferri
921 1833 990 1919 ait
1010 1830 1080 1907 τὸν
1103 1829 1175 1928 μὲν

106 1953 209 2050 ἱερὸν
223 1950 289 2026 καὶ
300 1951 484 2052 περιττὸν,
503 1948 715 2050 συνᾴδοντα
730 1962 809 2038 τοῖς
820 1952 904 2051 περὶ
912 1947 1097 2050 Ὀσίριδος
1111 1951 1175 2026 καὶ

110 2078 294 2171 Τυφῶνος
319 2071 662 2170 φιλοσοφουμένοις,
687 2071 757 2148 τὸν
780 2071 822 2148 δι’
837 2076 983 2171 ἐμφανῆ
1003 2070 1067 2146 καὶ
1079 2067 1173 2167 πρό-

102 2219 231 2289 χειρον
265 2188 325 2262 tle.
343 2191 390 2261 ls.
423 2188 502 2261 VII.
536 2212 572 2287 p.
608 2189 690 2263 loo.
750 2188 981 2287 Quemquam
1006 2187 1173 2259 triuiales

105 2333 254 2407 quoque
284 2310 436 2385 fabulae
470 2310 740 2385 machinatione
765 2306 964 2407 aliqua-ad
988 2306 1091 2379 illam
1113 2330 1174 2409 re-

106 2427 277 2502 conditae
302 2432 513 2528 sapientiae
531 2432 692 2528 speeiem
718 2427 863 2501 traduci
887 2437 1078 2526 poterant,
1103 2427 1172 2499 sio-

105 2560 151 2621 ut
175 2548 372 2648 Nicephori
404 2549 594 2624 adnotatio
630 2547 793 2623 ostendit
823 2547 872 2621 ad
899 2547 988 2642 Syn.
1014 2545 1100 2620 390.
1125 2546 1170 2621 Α.
1270 2540 1273 2549 ’
1331 2562 1336 2573 ·

104 2670 198 2769 ἱεροὶ
223 2668 326 2775 λόγοι
351 2673 387 2747 οἱ
411 2672 609 2756 δοκοῦντες
631 2669 703 2769 μὲν
726 2670 896 2769 μυθικοὶ,
922 2672 1027 2754 ὄντες
1040 2666 1082 2745 δὲ
1096 2698 1171 2767 μυ-

103 2791 224 2867 στικοὶ
256 2792 319 2866 καὶ
348 2789 541 2891 θειότεροι·
568 2793 604 2867 οἱ
627 2780 699 2891 μὲν
723 2788 809 2897 γὰρ
821 2795 943 2889 μῦθοι
967 2790 1170 2889 Εὐρυσθέα

102 2911 261 2988 δοκοῦσι
292 2909 450 3011 φόσκειν
481 2909 684 2988 ἐπιτάττειν
715 2920 770 3008 τῷ
796 2909 969 3009 Ἡρακλεῖ
998 2908 1061 2985 καὶ
1093 2913 1170 2984 ε’πι-

103 3035 233 3133 φέρειν
252 3033 321 3116 τὰς
343 3028 518 3117 τοιαύτας
542 3031 669 3131 πείρας
693 3030 758 3105 καὶ
782 3026 956 3133 ἀνόγκας·
983 3032 1020 3105 οἱ
1041 3026 1084 3105 δὲ
1096 3058 1170 3126 μυ-

106 3153 225 3229 στικοὶ
257 3149 360 3255 λόγοι
394 3154 635 3255 ἂναγιογικῶς
668 3147 967 3234 ἀναπτύσσοντες
991 3150 1039 3223 τὰ
1065 3147 1169 3252 λεγό-

102 3300 199 3370 μονα
232 3273 289 3373 ἐφ’
316 3274 442 3373 ἕτερον
466 3272 620 3372 φέρουσι
645 3277 749 3346 νοῦν.
801 3266 854 3379 Hi
886 3279 1010 3340 autem
1035 3294 1169 3368 μυστι-

102 3392 160 3468 κοὶ
185 3391 289 3495 λόγοι
314 3390 555 3492 versabantur
578 3392 619 3462 in
638 3388 849 3462 fabularum
867 3380 1171 3488 interpretatione

103 3510 166 3584 vel
192 3511 329 3584 morali
357 3511 419 3585 vel
440 3511 619 3599 naturali,
642 3532 757 3608 ,quam
788 3507 977 3583 fabulosae
990 3511 1168 3583 narratio-

102 3630 141 3701 ni
175 3633 333 3729 opponit
359 3630 511 3706 Servius
537 3628 585 3703 ad
609 3630 702 3704 Aen.
729 3628 791 3703 VI.
817 3628 903 3703 295.
936 3629 1166 3703 Acheron·
1222 3707 1225 3713 ,

101 3758 147 3822 ta
181 3751 288 3825 vult
321 3753 453 3848 quasi
485 3747 538 3822 de
569 3752 660 3825 irno
692 3752 819 3824 nasei
846 3749 1063 3840 'l'artarm
1094 3748 1168 3820 liu-v

96 3870 175 3964 jus
215 3873 459 3945 aestuaria
497 3869 685 3966 Stygem
724 3894 900 3960 creare,
939 3869 993 3943 de
1029 3867 1167 3964 Styge

100 4003 257 4063 autam
298 3993 424 4066 nasei
467 3988 696 4087 Cocytum.
748 3993 806 4065 Et
836 3992 947 4065 haee
982 3980 1050 4064 est
1082 4012 1165 4083 my-
