2917 4600
255 135 329 210 176
609 154 754 210 muns
780 157 966 213 emuna.

251 309 398 386 duous
454 313 645 409 effigies
698 319 748 389 in
797 340 970 417 pompa
1024 324 1326 422 antiquorum

250 426 376 507 inter
418 446 602 507 ceteras
643 434 935 513 ridiculosas
968 440 1326 519 formidolosas

249 552 335 651 qu'e
372 555 442 626 ire
466 553 631 627 solita.
689 555 746 630 Aa
777 553 846 631 tali
878 559 1041 658 quodam
1076 562 1190 636 modo
1223 577 1325 641 vato-

246 697 307 749 res
347 696 494 774 quoque
534 672 753 768 cuiusnam,
811 678 868 751 illi
910 679 1115 759 admodum
1160 686 1324 783 antiqui,

249 792 498 869 Calendarum
542 794 773 896 solemnibus
813 819 933 895 paene
971 821 1088 899 usque
1129 800 1179 875 ad
1227 805 1325 879 insa·

245 917 347 988 niam
378 914 550 990 lascivire
583 915 771 1006 solebant,
803 918 963 1006 vitulos,
996 920 1166 997 servulos
1190 923 1325 999 binnu-

244 1036 373 1135 losque
413 1035 590 1110 facientes
613 1044 715 1110 'omn
747 1058 894 1111 summa
926 1039 1050 1135 legum
1081 1046 1321 1146 veterum[¹¹]

244 1169 283 1230 et
322 1179 507 1232 novarum
541 1156 703 1251 injun‘a.
758 1155 925 1231 Libellus
956 1158 1115 1259 Abbatis
1139 1163 1323 1238 Firmium
1435 1196 1439 1203 ·

210 1294 213 1301 ’
245 1276 293 1352 de
320 1277 419 1375 Sing.
445 1276 527 1350 libr.
553 1296 682 1350 canon.
708 1300 746 1376 p.
772 1276 859 1350 281.
886 1278 929 1353 Τ.
955 1278 1057 1355 ΧΠΙ.
1090 1282 1187 1358 Gall.
1223 1285 1323 1360 Ser.

246 1398 386 1473 vulos
429 1408 511 1471 aut
562 1397 816 1473 vehiculas
863 1399 911 1473 in
965 1400 1323 1500 quadragesima

247 1520 328 1595 vel
368 1517 499 1592 aliud
540 1504 724 1616 tempus
758 1518 912 1592 nolite
944 1520 1193 1597 ambulare.
1252 1524 1322 1600 Vi·

245 1645 286 1716 ri
317 1649 480 1715 vestes
512 1638 767 1728 femineas,
809 1638 1015 1714 feminae
1055 1655 1217 1718 vestes
1254 1647 1320 1722 vi-

245 1761 360 1836 riles
391 1761 439 1833 in
471 1760 595 1857 ipsis
629 1754 854 1832 Calendis
886 1760 963 1835 vel
995 1765 1044 1836 in
1083 1764 1179 1838 alia
1218 1763 1321 1838 lusa

245 1903 378 1982 quam
420 1881 627 1980 plurima
666 1878 819 1952 nolite
861 1882 1051 1955 vestire.
1117 1884 1318 1959 Faustinus

244 2005 369 2105 Episs.
404 2000 466 2073 On.
499 2023 560 2098 ap.
591 1996 762 2074 llolland.
795 1998 837 2073 T.
871 2001 900 2073 L
933 2025 971 2098 p.
997 2002 1033 2075 3.
1066 2005 1169 2101 quis
1196 2006 1315 2077 enim

243 2122 440 2201 eredere
488 2121 686 2220 poterit,
733 2120 945 2195 inveniri
991 2122 1197 2222 aliquos,
1238 2125 1316 2222 qui

243 2243 481 2323 cervulum
516 2241 747 2316 facientes
781 2243 829 2315 in
861 2241 1064 2318 ferarum
1090 2266 1137 2319 se
1162 2244 1315 2320 velint

160 2359 163 2370 ‘
242 2366 434 2441 habitus
459 2360 657 2438 mutaril
681 2361 784 2436 Alii
809 2368 1082 2440 vestiuntur
1106 2366 1315 2465 pellibus

241 2483 487 2588 pecudum,
534 2481 621 2556 alii
660 2475 902 2558 assumunt
944 2487 1104 2584 capita
1143 2488 1316 2564 bestia·

240 2604 511 2682 num-viri
536 2602 709 2675 tunicis
730 2601 1041 2680 muliebribus
1064 2611 1314 2712 utuntur[']

239 2749 334 2827 quae
365 2723 492 2799 omnia
525 2744 549 2796 a
581 2721 811 2799 solemnibus
835 2725 1023 2824 paganicis
1032 2728 1077 2823 [Ρ]
1104 2728 1170 2828 pia
1193 2741 1314 2803 mater

310 2932 367 3003 [ιιι]
386 2930 484 3001 Legem
500 2928 649 2984 vestiariam
666 2929 774 2982 Denter.
791 2928 850 2983 XX.
868 2927 893 2983 5.
910 2930 1072 2985 illustrandis
1090 2933 1250 2987 Graecorum
1268 2932 1310 2985 io-

238 3003 352 3128 s'lt'utssilsifl
360 3000 610 3142 affilibthlaomeier.
633 3000 799 3054 deusserat.
824 2999 963 3056 (inutile.
982 3000 1308 3072 snssocsuingusn.

309 3162 348 3231 [⁰]
367 3163 401 3215 ci.
425 3159 522 3215 Asturii
546 3158 641 3213 Hamil.
664 3158 691 3212 iu
714 3158 790 3212 Test.
813 3157 871 3212 cu.
914 3198 921 3212 .
944 3157 1004 3211 591.
1030 3160 1064 3212 ll.
1089 3160 1124 3213 T.
1145 3159 1219 3212 XIII.
1236 3155 1306 3216 Bibl.

237 3230 315 3301 llign
333 3232 450 3357 ulisffue
465 3232 538 3285 leoos
555 3247 597 3300 sp.
614 3229 657 3283 Du
676 3231 760 3299 (lang.
778 3229 866 3283 Glosa
909 3236 945 3283 ab
963 3248 988 3300 p.
1004 3229 1066 3283 olo.
1099 3230 1235 3301 Biugbnm·
1253 3233 1308 3285 Au-

235 3301 302 3386 tiuq.
320 3303 356 3356 Τ.
437 3303 462 3355 7.
481 3309 508 3355 et
525 3319 590 3371 quos
604 3300 686 3386 affort
704 3299 881 3354 Middletouus
904 3299 1142 3387 (Jonloruuiues
1166 3301 1224 3353 des
1249 3301 1307 3355 Ce-

113 3403 116 3414 ·
204 3388 362 3500 ebibi...
376 3369 1308 3520 Ps.l².i..⁰su.uilz.⁰e¹.u·summum
1390 3397 1395 3404 ’

234 3529 261 3582 p.
281 3512 340 3567 126.
359 3514 475 3584 Philippi
496 3531 514 3567 a
537 3514 624 3567 Turre
641 3511 757 3565 Mouusu.
776 3513 837 3565 snt.
854 3512 886 3566 P.
903 3512 939 3565 Π.
955 3511 1017 3566 207.
1035 3527 1149 3566 emerem
1172 3525 1305 3584 sequutus.

235 3584 362 3638 cenula·
383 3585 472 3638 faeere
494 3584 551 3637 siue
574 3583 654 3639 dubio
679 3589 720 3636 est
744 3583 879 3653 aureolos
901 3583 997 3636 inuitari
1028 3584 1109 3653 (laiso
1133 3583 1307 3649 deoabrioles)

233 3654 342 3709 titulari
358 3661 386 3709 et
403 3657 526 3710 ariense.

302 3744 342 3813 [Ρ]
360 3743 391 3797 Iu
409 3743 555 3797 saltationis
572 3739 682 3811 quodam
699 3756 797 3809 gauere
814 3734 1009 3811 Οιορφασμός)
1032 3735 1151 3797 λεόντων
1166 3745 1213 3797 καὶ
1229 3746 1305 3810 ponis

231 3808 362 3896 suadeamus
385 3814 480 3867 mmai
493 3813 583 3897 ‘dooet
604 3811 698 3882 Pollux
721 3812 769 3864 lv.
793 3811 844 3895 14..
860 3811 893 3863 ci.
918 3810 1031 3879 Grysar.
1055 3813 1304 3903 decomoedullu'-

231 3883 609 4028 Zililfiiffiba‘l‘.
622 3882 987 4026 llifflffiffi
1000 3882 1216 4031 {332¹ssssde
1235 3903 1250 3938 ⁰
1268 3904 1302 3938 '⁶‘
