2917 4600
518 164 866 223 sonusrurs.
1159 154 1232 229 175
1353 116 1358 125 .

41 362 45 377 ·
153 350 244 405 vero
270 328 483 425 primarum,
506 331 673 427 partium
699 328 887 402 actoribus
913 328 1020 426 quasi
1045 326 1232 424 quaedem

152 460 279 523 mutae
304 468 486 547 personae
510 449 862 548 interponebantur,
886 447 1086 521 sImulaora
1109 447 1233 543 lignea

152 571 402 671 suamiucave
426 581 540 665 prout
558 570 716 644 facultas
732 570 857 659 ferret,
882 569 1113 665 exorimur]
1141 591 1232 667 qua·

153 691 200 764 lIs
224 690 293 762 illa
316 691 358 761 in
369 688 628 764 Daedalorum
649 713 794 789 pompa
812 702 922 766 vecta
940 689 1119 786 puellaris
1138 692 1253 763 imas-1.

153 833 211 906 go,
237 832 348 909 quam
375 808 559 885 doctiores
582 812 721 885 scilicet
746 809 853 883 Jovis
885 809 1057 907 pellicem
1081 832 1230 909 repraess

152 943 300 1005 seutare
324 928 498 1003 dicebant
522 932 629 1006 Pauo.
654 931 722 1005 IX.
749 931 784 1004 3.
811 928 945 1017 Adhuc
969 928 1083 1018 ferae,
1109 932 1142 1003 si
1169 951 1230 1003 co-

152 1054 219 1151 pia
243 1062 359 1142 esset,
391 1050 556 1126 humano
584 1055 721 1128 vestitu
746 1051 918 1139 indutae,
944 1061 987 1123 ut
1010 1052 1053 1122 iu
1076 1049 1231 1149 Apuleji

151 1195 295 1273 pompa
318 1171 343 1244 l.
370 1195 400 1245 c.
443 1171 502 1245 Et
528 1194 636 1246 ursa
659 1195 879 1248 mansues
906 1171 1037 1244 cultu
1062 1181 1230 1244 matro-

152 1292 251 1366 nali
277 1292 399 1365 sella
420 1291 710 1385 ¹vehebatur,
743 1303 790 1368 st
814 1294 954 1367 simia
977 1290 1107 1391 pileo
1133 1312 1230 1366 ero·
1259 1318 1263 1327 ·
1294 1348 1308 1358 .

153 1415 372 1511 cotisque
406 1412 720 1507 Ganymedem
757 1412 1089 1513 mentiebatur.
1152 1412 1229 1488 De-
1329 1480 1331 1483 ,

153 1536 265 1632 nique
281 1545 526 1634 neurospasta
546 1557 613 1607 seu
634 1536 827 1609 ieunculae
846 1534 1082 1611 vertebratue
1103 1544 1141 1607 et
1161 1554 1229 1609 va·

153 1656 231 1727 riae
248 1651 477 1727 formidines.
502 1655 654 1728 Festus:
682 1652 1078 1751 Citeriaeifigies
1096 1675 1228 1753 quae·

154 1773 256 1848 dam
307 1786 474 1869 arguta
525 1787 570 1849 et
606 1776 786 1874 loquax
825 1774 1022 1850 ridiculi
1061 1775 1228 1870 gratia,

154 1917 269 1994 quae
294 1896 343 1966 in
367 1916 539 1991 pompa
563 1896 674 1972 vehi
699 1896 843 1970 solita
867 1898 947 1987 sit,
974 1896 1078 1990 cujus
1102 1895 1229 1992 ipsum

75 2012 81 2019 “
151 2034 305 2103 nomen,
338 2036 364 2085 a
395 2012 512 2088 verbo
546 2016 637 2105 cio,
670 2016 764 2089 cito
800 2015 1031 2104 derivatum,
1058 2015 1229 2091 oscillum
1317 2050 1324 2063 .

151 2138 232 2210 sive
250 2144 535 2234 neurospusmm
555 2135 759 2230 significare
776 2132 938 2211 videtur.
961 2133 1084 2208 Idem:
1110 2133 1229 2206 Man·

224 2339 263 2408 [Ι]
282 2338 446 2408 Hesychius:
464 2298 668 2411 Στεμματιαῖον
686 2335 798 2405 danitis
814 2359 840 2393 τι
857 2340 888 2394 ἐν
904 2337 988 2463 ἔορῑτῖ*ι
995 2330 1150 2409 πομπεύων
1161 2335 1227 2390 dul-

153 2427 249 2481 μονος.
269 2408 420 2462 Siebelisius
436 2414 576 2482 πομπέως,
595 2409 738 2464 Muellerus
755 2409 796 2462 De
813 2409 929 2477 Dorihus

154 2479 290 2543 emendet3
311 2480 435 2534 facillime
458 2481 585 2535 conectis
603 2487 645 2534 est
660 2482 808 2552 πομπεῦον
825 2482 858 2534 iu
875 2497 992 2551 pompa
1011 2477 1226 2540 traductum

154 2549 218 2603 deos
234 2550 380 2618 Hesychius
398 2551 551 2603 christianus
566 2551 661 2621 passim
679 2551 817 2604 daemones
833 2559 861 2605 et
877 2552 948 2605 idolo
964 2555 1051 2604 vocat.
1069 2566 1095 2602 v.
1113 2548 1225 2618 Intarpr.

153 2620 189 2673 ad
214 2638 240 2673 s.
262 2621 425 2676 Σπονδεῖον.
451 2622 511 2685 Quo
537 2622 594 2675 loco
618 2627 645 2674 et
669 2627 787 2692 tempore
809 2622 875 2675 illud
892 2626 1097 2694 Σιεμμιιτιαῐον
1114 2619 1226 2686 asuelo»

152 2690 293 2763 prodierit,
317 2692 418 2744 omuino
436 2709 488 2745 nou
506 2692 585 2745 debet
602 2694 707 2763 quaeri,
733 2709 810 2763 quum
826 2694 854 2746 iu
871 2694 988 2746 omnibus
1004 2690 1106 2762 pompis
1122 2694 1226 2743 statuam

170 2761 302 2826 reclama,
333 2766 474 2834 στέμματα
505 2769 591 2817 sutem
626 2781 758 2818 sacrorum
788 2764 920 2833 signorum
962 2779 991 2815 ro
1010 2762 1051 2814 rie
1074 2767 1226 2815 omamentu

150 2779 257 2885 inerim
292 2831 424 2903 Sulpicius
441 2833 503 2885 Ser.
521 2833 554 2886 de
572 2835 626 2889 Vit
643 2836 675 2887 B.
694 2834 805 2888 Martini
823 2853 845 2887 c.
863 2834 925 2887 ΧΠ.
943 2782 1003 2886 is.
1038 2833 1127 2885 Erat
1143 2832 1225 2883 haec

152 2902 330 2968 Gallorum
369 2904 581 2958 cousuetudo
619 2904 804 2958 simulacra
844 2904 1035 2957 daemonum
1067 2901 1224 2966 candido

151 2978 249 3026 tecta
265 2973 437 3034 uelamine
453 2991 513 3045 per
530 2992 634 3044 agros
651 2993 735 3029 suos
758 2975 1028 3029 circumducere.
1070 2970 1224 3034 Sic‚'l'sci-

150 3049 194 3096 tus
216 3044 287 3097 Hist
310 3043 333 3097 Ι.
358 3043 400 3096 66.
424 3045 622 3098 velamenta
646 3051 679 3098 et
703 3046 847 3099 infulas.
882 3043 1032 3114 Hesychius
1049 3037 1162 3110 Μάσκη,
1178 3040 1225 3095 di-

151 3116 232 3167 κελλα
257 3112 302 3167 ubi
319 3113 430 3182 δείκηλα
447 3116 591 3169 emendant
632 3117 710 3187 Apud
725 3116 842 3186 Delphos
859 3133 927 3170 nono
945 3131 1049 3186 quoque
1066 3129 1133 3166 auno
1152 3111 1235 3165 (lha-v

151 3184 217 3238 rilse
241 3184 374 3253 cujusdam
392 3186 507 3241 εἴδωλον
523 3181 653 3240 παιδικόν
677 3186 871 3257 producebatur
894 3187 997 3256 riteque
1014 3201 1031 3238 a
1048 3200 1062 3235 r
1096 3184 1223 3237 everbe-
1270 3204 1273 3210 ·

150 3263 236 3308 ratum
252 3256 326 3309 intra
343 3271 420 3326 rupes
438 3257 582 3310 abdebatur
599 3257 732 3310 Plutarch.
752 3258 863 3322 Quaest.
882 3258 981 3311 Graec.
997 3254 1060 3309 XII.
1130 3292 1138 3306 .
1162 3253 1223 3307 su-

150 3324 199 3378 das
221 3343 242 3377 s.
266 3325 392 3381 Εἴδωλον
415 3327 462 3398 (ex
479 3327 603 3396 Aeliano)
621 3325 869 3396 stultissimis
887 3323 1001 3383 ελῦωλόν
1017 3345 1044 3379 ιι
1059 3325 1171 3380 nenias
1206 3354 1224 3366 -

149 3412 201 3449 rev
226 3396 265 3455 ελς
287 3391 356 3464 ὄψιν
377 3396 508 3468 γυναικὸς
529 3403 668 3472 μετέωρον
691 3399 822 3470 diruptis,
846 3400 893 3452 sul
916 3394 1077 3474 ἄνερῥώσθη
1100 3392 1157 3462 tin
1172 3395 1222 3455 λις.

187 3463 245 3518 ibus
262 3467 377 3520 omnibus
394 3484 472 3521 sacra
487 3468 632 3538 piacularia
648 3469 791 3538 significari
806 3470 935 3522 videntur.
970 3467 1012 3522 Ad
1030 3484 1086 3520 eam
1103 3483 1158 3519 rem
1174 3465 1224 3517 Ju-

186 3535 329 3589 eiveteres
347 3538 444 3593 hircum
462 3540 619 3593 emissarium
636 3540 760 3610 (azazel)
785 3540 959 3605 adhibebant,
984 3537 1080 3593 Boeoti
1102 3538 1129 3590 in
1153 3541 1223 3603 βου-

148 3606 232 3677 λίμου
249 3604 368 3668 ἐξελάσει
384 3627 486 3664 serrum
504 3627 579 3681 quem
597 3612 679 3680 probe
694 3627 843 3681 percussum
860 3613 932 3665 feras
949 3611 1075 3680 ejicerent
1088 3604 1222 3660 Plutarch

149 3675 240 3745 ὓπερ·
265 3678 310 3730 VI.
329 3679 438 3742 Qusest
461 3681 535 3734 VIII.
553 3683 577 3735 l.
596 3687 624 3734 et
639 3687 729 3735 nosue
746 3681 831 3735 adbuc
848 3682 970 3736 memoris
988 3676 1119 3745 Thuringi
1135 3673 1223 3727 vicani

147 3748 301 3815 quotannis,
320 3766 396 3818 quum
414 3751 560 3805 Mortem
577 3752 709 3821 expelli
725 3752 857 3823 dicerent,
874 3753 1012 3822 imaginem
1028 3750 1165 3802 hmutnem
1180 3745 1222 3798 ri-

147 3817 260 3870 minibus
277 3827 437 3887 mutantem,
463 3829 599 3892 postquam
615 3822 643 3874 in
659 3840 753 3894 pompa
770 3824 957 3890 nudarunt,
982 3823 1012 3876 in
1037 3833 1135 3873 munem
1153 3814 1222 3884 tbii·

989 2448 996 2461 .
1013 2405 1074 2462 stt.
1091 2411 1227 2480 uopnsor

148 3957 222 4010 tium.

149 3886 267 3954 mount,
291 3891 391 3947 seilicet
407 3893 579 3948 sommum
602 3894 733 3965 exemplo,
760 3895 861 3965 Argeos
882 3895 916 3949 de
938 3900 1019 3966 ponte
1041 3886 1221 3981 praecipitau-
1339 3891 1345 3908 ¹
