2917 4600
226 191 276 271 1⁰
580 205 723 264 mans
746 206 934 264 natatus.

223 364 917 466 marcomannorum
948 363 1294 466 numentum·

223 489 419 587 dogmata,
455 489 498 562 iu
537 486 690 585 quihus·
714 487 903 563 docuime
934 490 1115 581 mysticae
1145 510 1294 565 sumna

221 612 392 710 potuum,
425 630 501 683 una
533 618 574 681 ot
596 610 847 683 consentium
871 608 1100 706 antiquitatis
1122 631 1219 684 suoe
1243 608 1294 703 ad

221 729 468 830 philosophos
498 728 709 803 merantur
741 741 927 820 sonoros,
958 750 1028 801 neo
1059 729 1168 825 latet,
1202 727 1294 827 qaid

221 853 377 950 quisque
400 851 442 923 in
465 847 633 923 medium
658 849 845 940 mouerit,
870 873 894 924 a
917 850 1040 947 primu
1063 848 1293 924 inde'l'lsale

222 993 340 1070 usqtas
370 968 420 1044 ad
451 969 662 1060 Platonem
688 992 781 1067 quos
807 992 935 1044 omnes
961 982 1027 1043 aut
1051 969 1151 1045 furto
1171 969 1228 1043 ud
1250 992 1292 1043 se

221 1090 455 1167 mim
482 1088 838 1189 Hiuupnumun
855 1092 1010 1165 inventa
1039 1102 1106 1165 aut
1135 1091 1291 1165 fortuitu

220 1215 263 1288 in
292 1232 424 1287 esrum
454 1208 736 1287 siusilitudinorn
759 1213 971 1302 murlense,
993 1232 1122 1308 ¹traque
1144 1209 1186 1286 ld
1212 1232 1292 1287 oue

221 1354 387 1431 ¹¹¹¹‘1118¹1
418 1329 737 1423 uultnodversmn,
770 1334 853 1430 quis
877 1330 949 1406 sibi
973 1330 1199 1429 persuadere
1224 1328 1292 1429 pot

221 1453 321 1529 usstt
351 1453 545 1528 Postremo
571 1450 775 1526 abundum
799 1464 857 1526 est
882 1452 1001 1542 dicor,
1033 1449 1292 1548 Eumolpidas,

67 1656 78 1670 ‚
220 1574 293 1648 buo
325 1582 384 1683 est
413 1569 622 1647 saomdotus
654 1567 800 1647 Cenem
824 1574 1051 1673 Liberaeque
1075 1571 1243 1672 puhficos
1267 1593 1292 1645 a

221 1692 412 1768 communi
425 1714 431 1731 ¹
446 1692 680 1768 saomdotum
713 1693 978 1769 consuetudine
1009 1706 1048 1768 et
1079 1716 1104 1767 a
1126 1689 1291 1789 d'nuipli·

221 1835 294 1887 nae
328 1814 537 1887 motilitalis
568 1826 696 1889 tenore
726 1827 873 1890 tantum
904 1814 1122 1903 descivisse,
1147 1825 1292 1886 utnon

220 1933 345 2007 solum
370 1932 529 2010 ducendi
551 1958 685 2010 munus
710 1938 752 2009 in
773 1959 816 2010 se
833 1936 1072 2034 susciperent,
1095 1932 1291 2008 sedetiam

221 2076 269 2127 ea
293 2052 478 2145 docerent,
502 2054 635 2152 quibus
659 2054 830 2154 publiano
854 2059 1071 2155 patriaeque
1094 2054 1291 2149 ιοΙὶςίοιιω

219 2172 390 2249 funrlitns
414 2174 640 2249 tollerentur.
694 2173 780 2249 Hoc
804 2189 928 2250 autem
953 2182 1131 2274 quantum
1154 2174 1291 2264 valeat,

220 2296 346 2395 primo
371 2295 455 2369 loco
480 2318 684 2396 exponam,
707 2308 751 2370 ut
773 2298 809 2371 si
833 2294 924 2396 quid
948 2295 1123 2395 deinceps
1140 2298 1181 2370 in
1201 2317 1290 2368 enu-

221 2418 429 2491 meratione
452 2418 749 2491 testimoniorum
768 2430 935 2492 occurrat
951 2417 1124 2514 ambigue
1139 2417 1291 2504 dietum,

220 2534 265 2610 id
289 2557 342 2610 ex
365 2547 448 2610 tuto
474 2538 580 2636 quasi
605 2557 738 2610 causae
764 2550 937 2612 contextu
956 2541 1094 2642 potius,
1119 2560 1228 2637 quam
1244 2557 1291 2610 ex

220 2656 379 2733 libidine
401 2657 724 2758 interpretantium
745 2657 942 2753 iudicetur.

698 2911 732 3012 q,
781 2915 818 2989 a.

325 3118 512 3215 Principio
560 3117 682 3191 omnis
728 3140 918 3194 sacromm
963 3119 1082 3194 uulnus
1121 3116 1290 3216 publicus

224 3237 328 3340 apud
351 3240 512 3312 Graecos
536 3257 614 3309 non
637 3239 761 3312 minus
787 3263 899 3338 quam
924 3239 1025 3339 apud
1045 3241 1234 3314 Romanos
1253 3248 1291 3309 ot

224 3357 388 3435 ludaeos
422 3379 587 3455 quoque,
619 3360 772 3458 pompis
806 3372 844 3434 at
872 3362 1058 3437 sauificiis
1089 3358 1291 3449 constabat,

223 3502 293 3554 uec
330 3480 427 3552 inter
465 3500 574 3552 caesa
613 3492 651 3553 et
687 3494 858 3578 porrecta
889 3482 1090 3581 quidquam
1123 3479 1291 3555 auditum

223 3610 373 3700 praeter
395 3597 560 3674 solemne
584 3601 806 3697 precationis
831 3626 979 3678 manen
1005 3615 1044 3676 et
1067 3601 1183 3679 verba
1207 3621 1292 3674 con-

224 3731 344 3818 cepta,
368 3718 501 3818 quibus
526 3729 618 3793 vcta
641 3736 895 3821 nuncuparent
917 3725 1187 3820 solverentque.
1224 3721 1292 3795 Sa·

59 3869 63 3882 ·
225 3839 418 3917 cerdonum
459 3841 540 3913 erat
579 3838 637 3914 dis
670 3842 778 3917 thure
808 3846 969 3943 vinoque
993 3843 1175 3943 praefari,
1207 3852 1292 3916 exta

106 3949 111 3962 ⁸
225 3962 411 4064 porricere
435 3962 475 4035 in
499 3961 651 4052 duria,
676 3977 714 4039 et
738 3978 940 4065 praeterea,
966 3978 1009 4042 ut
1032 3964 1184 4065 Apuleji
1208 3986 1292 4039 vor·
1326 3969 1328 3974 ’
