2917 4600
453 288 455 291 ·
514 252 857 313 susumus.
1195 244 1222 321 0

153 414 220 492 vol
250 409 481 490 ssoerdstum
515 414 709 513 colloquiis
739 396 880 490 inducti
904 417 1220 518 sunt3p1uuque

153 552 234 605 nan
263 529 312 605 do
342 534 540 609 Eleusiniis
571 536 712 633 scripta
740 519 828 609 stent
859 534 926 610 sed
956 535 1002 611 de
1033 541 1221 634 mysteriis
1368 518 1379 529 ’

154 652 327 751 iiiive&
352 676 507 753 quorum
526 655 726 745 andstioea
751 677 865 753 quum
877 678 1023 754 pauens
1042 659 1221 736 haberent

153 792 224 845 nee
260 794 406 873 seroper
444 773 594 849 eosdem
625 773 832 863 auditores,
874 776 1001 849 onmia
1032 777 1082 851 ad
1112 802 1220 857 11111111
1310 856 1314 877 2
1384 811 1386 814 ’

155 891 349 970 arbitrium
388 895 518 977 etad
555 907 702 992 gostrrm
739 893 970 969 audientium
1002 917 1221 996 admonere

154 1023 345 1111 poterant3
384 1014 485 1113 quod
526 1038 591 1090 eos
627 1038 741 1114 saepe
777 1015 907 1091 fecisse
946 1016 1137 1115 multaque
1171 1040 1222 1092 ex

153 1133 464 1235 pbilosophorum
489 1135 800 1236 disputationibus
825 1146 993 1209 munte
1010 1137 1224 1213 venditasse

157 1276 230 1352 pru
260 1256 359 1346 suis,
392 1258 466 1335 alio
501 1257 584 1330 loeo
618 1254 873 1331 declarabitis.
922 1256 1042 1346 ‘Quod
1064 1257 1122 1333 ad
1146 1261 1220 1359 pri·

159 1396 262 1479 mum
300 1398 415 1473 gersus
454 1379 605 1468 attinet,
648 1375 918 1450 inconsiderato
952 1376 1112 1469 iaciunt,
1148 1381 1224 1478 *qui

160 1517 272 1595 quum
304 1495 563 1573 admirationis
593 1496 696 1571 iiiios
730 1497 870 1571 muitae
894 1499 1092 1597 variaeque
1115 1497 1224 1573 reddi
1368 1536 1371 1545 .

154 1617 303 1715 possint
325 1623 500 1709 rationes,
525 1638 638 1691 unam
662 1628 885 1717 praeoptant
902 1629 1014 1717 atquo
1031 1620 1225 1733 prppriam

157 1747 196 1809 et
219 1739 458 1838 praeeipuam
482 1739 743 1834 mysteriorum
768 1737 917 1813 laudem
942 1740 983 1812 in
1007 1751 1222 1840 pomto-

155 1879 242 1932 mm
266 1859 482 1940 sduuuum
507 1857 709 1933 traditione
731 1860 894 1957 positam
919 1876 1000 1932 esse
1024 1861 1129 1960 quad
1153 1882 1223 1935 suo

153 1977 240 2075 juna
271 1992 433 2055 sumunt.
480 1980 539 2054 Ex
564 1980 694 2052 ueteris
719 1980 940 2053 testimoniis
966 1976 1015 2053 ad
1039 2001 1226 2055 summam

157 2101 385 2198 quaestionis
423 2099 517 2173 nibil
554 2099 776 2198 prebuimus.
838 2099 935 2175 Nam
966 2099 1055 2198 quid
1086 2100 1226 2174 initiati

126 2241 227 2320 ⁸prs
260 2243 303 2294 so
334 2221 487 2320 quiaque
519 2216 568 2292 de
597 2240 786 2292 sacrorum
810 2222 950 2293 rittrum
974 2229 1013 2290 et
1037 2217 1224 2313 symbolo-

158 2364 243 2415 rum
277 2342 540 2438 siqnitioatione
571 2323 749 2437 suspicati
780 2340 856 2411 sint
886 2349 953 2411 aut
983 2336 1073 2435 quid
1105 2345 1224 2412 sader-

162 2459 267 2535 dotes
296 2472 384 2536 ante
417 2471 456 2534 et
484 2471 571 2559 post
598 2470 750 2559 peraeta
766 2459 960 2533 solemnia
986 2479 1070 2531 cum
1089 2457 1225 2556 'bospi-

163 2580 261 2655 tibus
307 2581 564 2684 disseruerint,
614 2593 680 2654 aut
718 2581 981 2674 mysteriorum
1019 2578 1226 2654 triviaiiuru

161 2704 328 2798 magistri
352 2722 443 2799 quas
467 2699 758 2801 dapesnsseoiis
783 2703 860 2774 suis
880 2691 1133 2799 apposuerint,
1156 2721 1226 2773 neo

160 2823 246 2896 seiri
278 2833 419 2922 potest,
450 2845 519 2895 nec
550 2843 725 2920 quaerere
755 2831 875 2895 vacat.
939 2818 984 2893 Id
1017 2818 1117 2892 enim
1147 2829 1226 2894 tam

159 2943 325 3033 varium,
355 2942 567 3016 inconstans
598 2952 636 3014 et
668 2940 847 3015 mutabile
877 2940 966 3030 fuit,
1005 2961 1116 3037 quam
1147 2951 1228 3046 erat

157 3064 244 3162 ipsa
282 3064 475 3138 hominum
515 3063 688 3140 voluntas
726 3073 765 3134 et
804 3072 1013 3159 temporum
1052 3059 1148 3133 ratio
1189 3070 1230 3133 et

159 3178 409 3256 doeuiuarum
435 3183 601 3257 omnium
624 3182 879 3281 imprimisque
902 3180 1160 3279 philosophiae
1187 3181 1227 3253 in
1252 3198 1255 3204 ’

159 3321 304 3398 quaque
342 3313 464 3377 aetate
501 3302 649 3377 habitus
681 3314 719 3375 et
752 3285 863 3375 color.
925 3299 1004 3375 Nos
1037 3301 1226 3375 enimvero

160 3431 298 3495 eertum
333 3434 371 3495 et
402 3433 628 3525 potestantem
662 3420 878 3520 disciplinae
909 3442 1062 3495 arcanae
1086 3421 1227 3494 sonuu-

160 3538 237 3614 larn
269 3547 482 3640 quaerimus
518 3547 599 3623 sive
631 3541 814 3618 memorii
844 3543 1037 3616 hominum
1063 3538 1228 3614 eustodi—
1331 3616 1340 3623 ,

165 3669 239 3733 tam
263 3663 365 3755 sive,
397 3664 499 3763 quod
523 3663 742 3765 optabilius,
768 3685 814 3736 ex
838 3673 1023 3738 vetustate
1047 3661 1228 3734 librorum

162 3780 444 3860 saeerdotalium
471 3786 720 3888 depromtam,
746 3795 843 3857 certe
868 3782 1017 3881 quidem
1044 3788 1228 3854 metutam

162 3899 210 3975 ab
228 3900 579 4004 ‘Hierophantarum
612 3905 775 3996 arbitrio,
818 3903 1038 4004 publicaque
1070 3900 1228 4002 auctori·
1370 3975 1372 3978 ,

163 4031 240 4097 tots
263 4025 454 4104 sancitam.
504 4025 583 4104 sed
606 4027 692 4103 talis
717 4024 910 4116 formulae,
934 4024 969 4099 si
993 4023 1226 4121 omnia-poe
