2917 4600
136 221 146 228 “
257 179 339 271 340‘
572 206 714 263 otono
740 203 1000 260 socunous.

257 361 530 463 sententiasque
563 363 761 436 nonnullas
801 361 911 434 adfert
940 361 1154 459 Simplicius
1185 345 1330 433 Dama-

258 492 325 564 scii
345 481 662 562 'smdiosissimus
725 482 787 555 lili
820 480 1044 577 thectogtae
1077 480 1127 553 ab
1158 479 1329 555 Etsiemo

260 611 458 707 expositae
490 605 714 677 Damascins
746 599 859 688 aliam
893 601 1098 698 subiungit,
1146 623 1258 696 qnam
1290 603 1332 673 in

260 727 484 827 Rhapsodiis
510 724 720 811 enormem*
734 735 772 795 et
797 725 964 812 tertiam,
991 720 1251 819 quaeebipso
1265 742 1331 796 vo·

263 864 368 924 catttr
391 850 415 945 ἡ
440 847 537 922 κατὰ
564 841 876 943 Ἶερώνυμονηκαὶ
905 841 1137 932 Ἑλλάνικον,
1170 851 1333 916 ωθῐοω-

261 974 325 1068 qui
350 971 478 1064 issmota
501 975 570 1037 est.
599 957 856 1037 'Hellanicum
890 964 1104 1036 historicum
1137 963 1333 1056 significari

262 1086 539 1184 Wyttenbachii
561 1096 622 1156 est
647 1088 858 1180 conjectura
884 1085 908 1156 l.
935 1108 965 1156 c
998 1099 1050 1154 ex
1076 1083 1157 1154 solo
1182 1084 1332 1155 nomine
1386 1105 1393 1114 ’

263 1210 393 1297 ducta,
432 1225 506 1304 qno
539 1217 620 1277 orm
653 1205 718 1278 aiii
751 1207 811 1279 usi
835 1217 922 1278 nint
947 1203 1074 1291 motti,
1113 1214 1194 1274 tom
1218 1204 1333 1274 etiarn

262 1330 328 1418 iiie
341 1325 526 1403 Sandonis
539 1337 665 1422 pater,
692 1325 739 1398 de
759 1348 832 1422 quo
847 1324 961 1399 modo
983 1323 1154 1396 diximus.
1205 1322 1331 1396 Prom-

264 1452 340 1522 tius
366 1441 546 1520 assentiar
577 1448 610 1518 si
642 1447 724 1542 quis
750 1446 1023 1539 Hieronymum
1048 1443 1333 1540 Peripateticum

191 1609 196 1620 ι
251 1571 306 1640 'in
329 1566 427 1639 libro
451 1565 535 1664 περὶ
560 1575 726 1660 ποιητῶν
750 1566 834 1654 ilia,
860 1563 1186 1663 quaeDamascius
1207 1559 1333 1648 refert,

264 1685 524 1785 perscripsisse
574 1694 725 1757 statuat.
791 1684 867 1758 Sed
903 1686 984 1781 jam
1021 1683 1096 1755 hoc
1140 1702 1333 1778 creperum

268 1807 404 1901 egressi
426 1806 468 1876 in
493 1801 619 1876 media
642 1804 921 1879 Alexandrinae
945 1806 1079 1877 astans
1103 1801 1185 1874 luce
1210 1821 1335 1876 versa·

268 1948 369 2014 mur,
393 1941 492 2020 quae
516 1935 594 1997 tom
621 1925 743 1998 omnis
767 1925 936 1998 literatae
960 1922 1190 2020 antiquitatis
1215 1923 1335 1993 moni·

259 2045 402 2120 'mentis
436 2042 642 2128 abundavit
674 2059 753 2117 mm
787 2047 903 2118 edam
936 2045 1007 2117 hoc
1038 2064 1170 2137 genem
1210 2061 1335 2114 rerum

267 2159 486 2241 mirabiliter
510 2156 689 2237 instructa
714 2165 805 2255 fnit,
839 2177 884 2239 ot
913 2162 1077 2237 ostendit
1100 2162 1165 2234 ille
1188 2183 1336 2258 peram-
1432 2151 1439 2162 ’

267 2287 353 2386 pius
379 2284 629 2384 Orphicomm·
656 2285 838 2359 librorum
868 2283 1059 2380 catalogus
1090 2305 1116 2357 a
1144 2278 1336 2359 Clemente

270 2417 309 2479 et
333 2404 450 2479 Snida
474 2407 709 2503 propositum,
746 2403 794 2477 de
826 2425 900 2501 quo
930 2424 1121 2503 nunquam
1153 2401 1336 2493 dubitavi,

270 2527 360 2620 quin
382 2534 505 2605 ummt
526 2548 549 2595 e
574 2523 798 2601 doctissimis
823 2536 992 2603 veterum
1016 2526 1234 2599 Musecrum
1258 2522 1337 2597 hei-

270 2642 443 2716 luonibns
470 2656 675 2720 auctorem
715 2644 861 2718 habeat
928 2646 996 2735 Et,
1047 2665 1257 2743 quanquam
1295 2645 1337 2718 in

269 2784 403 2859 magno
436 2765 666 2840 literatorum
697 2763 1033 2841 Alexandrinorum
1075 2776 1115 2837 et
1145 2758 1336 2858 Pergamis·

270 2904 402 2958 norum
428 2908 583 2961 numero
607 2887 733 2961 nuilus
758 2887 979 2960 nominatim
1006 2885 1177 2984 proditur
1200 2882 1335 2980 Orphi-

271 3027 397 3079 corum
423 3011 627 3082 carminum
652 3006 713 3081 vel
748 3005 939 3080 ordinator
969 3007 1032 3081 vel
1064 3014 1242 3080 corrector
1272 3003 1338 3076 vei

212 3132 215 3137 “
271 3127 470 3224 interpres,
503 3141 628 3202 tamen
658 3126 784 3199 nescio
816 3147 864 3197 en
889 3125 1072 3224 Epigenes
1104 3126 1188 3201 huic
1212 3120 1337 3196 ordini

273 3242 434 3320 adscribi
458 3259 661 3336 mereatur,
696 3247 760 3341 qui
786 3248 827 3322 ἐν
858 3254 937 3332 τοῖς
969 3248 1140 3347 περὶτῆς
1171 3251 1222 3330 εἰς
1241 3245 1337 3345 'Op-

273 3365 345 3462 φὲα
368 3365 545 3466 ποιήσεως
571 3367 646 3443 duo
673 3364 814 3462 Orphei
846 3367 1010 3439 carmina
1035 3363 1189 3465 Cercopi
1219 3377 1337 3439 trans-

272 3484 438 3581 scripsit,
463 3488 693 3585 tctidemque
720 3485 795 3558 alia
818 3484 1015 3576 Brondno,
1045 3509 1163 3584 neque
1186 3486 1339 3563 non‘rd

274 3602 467 3696 ἰδιάζοντα
500 3609 585 3707 παρ’
618 3609 758 3710 Ὀρφεῖ
787 3610 965 3705 exposuit
996 3631 1033 3683 v.
1069 3607 1108 3679 P.
1140 3606 1204 3679 ln
1236 3628 1265 3678 c
1298 3604 1335 3679 9.

272 3718 476 3820 Epigenem
500 3726 598 3798 huno
608 3722 854 3809 casaubonus
879 3749 954 3800 non
976 3726 1121 3803 dubitat
1146 3726 1338 3822 antiquum

273 3834 461 3934 Critieum,
486 3844 759 3945 multorumque
771 3859 966 3945 poetarum
977 3851 1216 3948 interpretem
1230 3864 1338 3942 prae-

274 3953 396 4031 dicare
421 3962 469 4035 ad
493 3962 626 4039 Athen.
652 3964 717 4041 XI.
742 3967 829 4042 468.
856 3965 896 4041 C.
922 3991 1131 4069 quanquam
1155 3966 1339 4042 Athenaei
