2917 4600
481 215 829 334 nonusrurr.
1121 261 1193 339 165

121 455 170 505 ne
204 431 295 531 quid
319 435 400 506 sine
423 436 568 510 ratione
593 436 797 528 effutitum,
825 432 953 535 itique
978 448 1105 512 matra
1128 461 1191 514 ve
1270 463 1277 478 ·

120 554 273 626 ritatem
299 552 517 646 obstinatos,
544 569 588 630 ut
612 580 707 655 quae
731 555 1008 656 interpretando
1021 557 1070 631 ad
1083 579 1192 633 suum

121 670 319 745 arbitrium
358 697 533 750 revocare
572 689 774 776 nequeant,
819 674 998 752 mutanda
1034 677 1193 751 lectione

122 790 342 866 adulterent
398 792 443 868 ld
475 797 508 868 si
539 796 734 894 probaturi
763 819 841 870 non
879 809 984 887 sunt,
1024 795 1194 871 desinant

122 913 295 1010 antiquos
315 912 545 1010 Allegoretas
571 918 758 991 testificari
783 928 895 1015 etque
920 939 1049 991 eorum
1068 928 1194 991 auoto-

121 1034 232 1106 ritate
257 1055 298 1106 se
323 1032 540 1126 defendere,
564 1059 722 1134 quorum
746 1039 910 1111 rationes
933 1038 1086 1132 rejicere
1111 1058 1194 1111 ooa-

123 1156 172 1227 eti
205 1165 302 1227 sunt.
353 1154 501 1228 Deinde
532 1159 644 1231 etiam
671 1180 797 1232 secum
820 1155 1043 1246 deliberent,
1068 1179 1194 1231 sacrae
1303 1167 1306 1174 ’

122 1276 327 1372 scripturae
352 1277 572 1373 interpretes
587 1280 766 1372 mysticos
786 1299 836 1351 an
854 1278 959 1374 sequi
976 1276 1194 1369 sustineant,

123 1398 189 1494 qui
231 1406 312 1469 tum
353 1395 524 1470 omnibus
562 1398 603 1469 in
642 1395 754 1470 rebus
794 1396 1026 1470 Graecorum·
1051 1396 1194 1471 similos

121 1515 248 1605 fuere,
282 1528 362 1589 turn
387 1514 518 1589 eadem
544 1515 779 1591 obscuritatis
804 1517 988 1591 calumnie
1012 1517 1072 1596 usi
1096 1530 1194 1606 sunt,

123 1636 293 1712 adhibito
324 1634 396 1709 sibi
427 1633 565 1710 Christi
597 1649 795 1736 praecepto
828 1637 1045 1733 margaritas
1067 1620 1193 1735 porcis

122 1758 256 1857 projici
282 1756 440 1829 vetantis
448 1757 500 1855 [¹]
526 1741 708 1856 proxime·
723 1769 833 1856 atque
857 1758 915 1832 illi
939 1758 1104 1831 Platonis
1129 1778 1194 1830 au·

124 1879 296 1951 ctoritate
321 1875 443 1971 *abun
483 1889 589 1950 suntt
626 1879 680 1978 μὴ
713 1883 877 1980 καθαρῷ
907 1878 982 1986 γὰρ
1017 1881 1193 1977 καθαροῦ

125 1997 360 2100 ἐφάπτεσθαι
383 1995 436 2096 μὴ
462 1997 508 2074 οὐ
532 1998 692 2096 θεμιτὸν
715 1995 750 2096 ᾖ
802 1999 994 2072 Postremo
1028 1999 1193 2071 animum

124 2144 172 2193 ne
204 2115 382 2191 inducant
412 2117 493 2189 fieri
523 2137 635 2215 posse
667 2129 710 2190 ut
735 2117 976 2212 ambignitate
1000 2118 1194 2190 nominum

121 2260 331 2341 quenquam
363 2234 609 2311 mediocriter·
630 2238 793 2335 peritum
825 2236 969 2310 fallant
1033 2233 1131 2311 Nam
1162 2237 1195 2308 si

124 2368 184 2464 (nt
220 2371 364 2435 veteres
396 2358 537 2432 faciunt
575 2355 809 2456 saepissime)
843 2356 1080 2453 allegoricum
1112 2355 1194 2429 sive

125 2478 370 2575 symbolicum
395 2476 438 2550 id
462 2478 667 2567 nominant,
692 2475 793 2575 quod
818 2490 876 2573 est
900 2500 924 2551 a
947 2474 1096 2576 publica
1107 2496 1194 2574 pro·
1238 2534 1249 2555 ,

123 2601 278 2703 priaque
303 2596 449 2673 dicendi
472 2599 620 2670 ratione
645 2619 838 2687 aversum,
863 2599 973 2686 item,
1005 2599 1038 2670 si
1063 2609 1195 2695 poetas

124 2723 296 2818 antiquos
326 2717 437 2791 rebus
466 2739 578 2792 sensu
609 2717 816 2793 carentibus
855 2728 977 2791 actum
1009 2714 1195 2815 quendam

124 2852 163 2917 et
195 2842 342 2914 animos
375 2835 522 2912 dedisse
555 2836 798 2928 contendunt,
838 2835 880 2909 id
911 2847 1059 2911 tantum
1089 2835 1195 2908 obest
1318 2836 1322 2847 ’

122 2973 165 3036 nt
196 2963 473 3057 impugnemus,
500 2970 549 3070 nt
574 2961 725 3031 omuino
751 2968 870 3031 artem
895 2958 977 3031 sine
1000 2958 1059 3031 bis
1082 2953 1192 3028 rebus

92 3100 95 3106 ·
125 3091 294 3156 constare
316 3100 503 3174 negemus.
554 3077 630 3151 Sed
652 3075 747 3151 illud
771 3099 994 3175 magnopere
1019 3075 1194 3174 depreea-

124 3223 229 3291 mur,
264 3221 313 3273 ne
343 3197 413 3272 sub
443 3199 515 3272 boc
538 3200 707 3296 poeticae
729 3198 1047 3297 interpretationis
1071 3196 1193 3283 tinnio,
1302 3286 1306 3291 Ι

68 3327 72 3340 ’
125 3317 306 3419 quidquid
336 3318 519 3417 resupinis
553 3331 592 3392 et
623 3328 736 3392 tecta·
754 3318 1007 3417 spectantibus
1031 3318 1072 3391 in
1097 3316 1193 3410 0031.
1258 3379 1261 3383 ,

125 3442 306 3514 tationem
344 3439 474 3513 venire
509 3439 622 3528 solet,
660 3437 828 3512 Homero
865 3439 1066 3527 inculcent,
1098 3457 1195 3510 neve

18 3614 25 3627 .
127 3582 213 3632 enrn
238 3570 407 3658 poetam,
432 3560 879 3658 quem·sapientissimum
904 3558 1024 3635 videri
1049 3558 1193 3642 volunt,

198 3711 244 3779 [Ι]
263 3711 340 3763 Phor.
357 3708 427 3762 Bibt
443 3708 574 3764 CCXXX.
590 3727 617 3801 p
633 3707 695 3762 409.
712 3710 746 3763 dc
762 3709 890 3780 Eudagina
907 3709 957 3778 τὴν
973 3705 1111 3781 ἀσάφειαν
1127 3704 1190 3759 tut-

127 3780 205 3849 τηδες
221 3777 424 3851 περιβάλλεται,
448 3776 542 3841 (ὅςᾶν
564 3800 604 3853 μη
626 3776 751 3849 βεβήλοις
772 3778 806 3835 τὰ
829 3781 894 3836 tra
918 3782 1017 3837 tuosve
1041 3782 1083 3844 εἴη
1099 3778 1146 3860 οιαὶ
1163 3775 1190 3827 oi

240 3856 294 3904 ῖτιιι
317 3853 498 3923 τοῖς’χοίροις
519 3855 708 3922 necassetve,
732 3851 762 3906 id
787 3802 866 3921 quodb
879 3851 1039 3905 Tbernistius
1062 3847 1126 3898 mat
1143 3844 1190 3897 0r.
1227 3882 1231 3889 .

127 3869 265 3975 W&
288 3922 370 3991 ῥῖψαι
393 3919 443 3987 τὴν
466 3922 637 3992 φιλοσοφίαν
653 3923 692 3982 εἰς
707 3919 756 3984 τὰς
771 3919 902 3994 τριόδους.
938 3919 1041 3987 Collegi
1056 3917 1133 3987 plere
1149 3923 1190 3969 te-

128 3991 262 4077 mepta,
285 3991 332 4044 aed
355 4007 448 4045 rerem
464 4007 496 4044 ne
513 3993 548 4045 ab
564 3992 621 4069 bis,
644 3991 690 4061 qni
706 3991 741 4045 de
757 3988 893 4064 disciplina
909 4007 1008 4045 areuna
1023 3987 1190 4059 scripserunt,

129 4067 322 4134 praeoccupata
338 4061 398 4115 sint
