2917 4600
137 191 141 200 ’
254 192 306 267 9²
465 239 467 244 ι
608 185 963 260 transnaturus.

253 362 595 461 superstitiosorum
627 361 848 458 cupiditates
875 366 1029 462 explere
1053 379 1198 462 posset,
1230 392 1317 465 pro-
1397 359 1403 364 ’

220 483 351 580 'fossa
383 505 427 555 ac
456 481 632 578 pollicita
689 481 752 554 Ad
781 506 895 581 ⁴quam
927 488 961 557 si
984 487 1146 582 populus
1172 500 1210 559 et
1234 490 1318 562 vul-

251 626 318 700 gus
349 603 608 699 imperitorum
639 622 722 673 sese
755 601 935 694 dedisset,
972 608 1006 678 si
1030 608 1158 702 pauci,
1192 608 1226 680 si
1249 608 1318 699 illi,
1457 639 1458 686 ς

250 708 345 822 quos
370 722 514 806 Ennius
540 718 744 793 detestatur

335 845 394 904 Aut
414 844 521 900 inertes
544 852 595 900 aut
616 844 712 901 insani
734 854 785 904 aut
805 846 908 924 quibus
930 856 1045 927 egestu
1066 847 1198 923 imperat,

248 962 342 1036 nihil
379 982 469 1033 sano
499 961 573 1033 uisi
604 983 836 1046 communem
866 962 1038 1036 indoctae
1072 961 1311 1037 semidoctus
1457 1061 1458 1066 Ἰ

240 1091 320 1180 ’φη
349 1078 596 1153 multitudinis
616 1093 756 1155 sortem
776 1104 1088 1179 conquereremur.
1122 1073 1124 1079 ’
1141 1082 1227 1172 Sed,
1246 1106 1314 1180 pu.

249 1200 412 1280 dandum
454 1199 572 1289 dicht,
614 1200 858 1298 philosophos
895 1202 1052 1298 legimus
1089 1223 1207 1299 neque
1250 1224 1314 1276 θος

247 1320 430 1416 ignobiles
470 1332 508 1392 et
547 1321 640 1393 satis
679 1332 891 1416 arrogantes
933 1322 1042 1416 hujus
1074 1319 1315 1418 turpitudinis
1457 1377 1458 1380 t

156 1467 160 1472 ⁸
244 1462 324 1515 non
355 1439 555 1537 participes
587 1438 655 1512 sed
687 1438 799 1515 duces
831 1455 870 1515 et
893 1442 1087 1537 signiferos
1112 1441 1244 1531 fuisse,
1268 1440 1315 1513 il·

187 1591 191 1598 ·
246 1561 306 1633 los
335 1564 440 1657 ipsos
471 1558 746 1632 Platonicorum
772 1558 1019 1659 coryphaeos,
1036 1561 1313 1657 Porphyrium,

247 1678 526 1770 lamblichum,¹
545 1679 760 1769 Proculum,
792 1694 957 1753 caeteros
989 1680 1099 1774 hujus
1126 1683 1226 1780 ἱεροῖς
1249 1711 1325 1782 yse>

245 1810 353 1889 νεᾶς,
378 1798 512 1897 quibus
537 1800 657 1873 terrae
681 1779 1061 1896 motus‘compescere
1086 1797 1196 1873 ludus
1219 1810 1312 1898 erat,

238 1918 382 1993 ‘imbres
409 1919 539 1992 elicere
557 1921 678 2014 jocus,
703 1929 890 2016 tantaque.
900 1942 983 1993 cum
1004 1918 1143 1995 divinis
1158 1921 1312 2009 naturis,

245 2038 436 2129 heroibus,
468 2040 603 2134 geniis,
636 2040 792 2134 angelis,
818 2038 1041 2134 archangelis
1067 2039 1311 2129 familiaritas,

244 2169 421 2257 utquam
446 2149 599 2258 quisque
625 2181 755 2233 eorum
779 2159 1046 2232 inHierarchia
1069 2159 1219 2233 coelesti
1245 2157 1311 2231 ob-

147 2288 150 2294 ’
243 2281 378 2354 tineret
407 2279 550 2371 locum,
582 2282 705 2378 primo
739 2278 915 2378 adspectu
940 2287 1185 2374 agnoscerent
1236 2279 1310 2351 lta·

244 2424 314 2499 que
340 2399 388 2474 de
412 2400 470 2472 his
497 2402 663 2474 omnium
690 2400 970 2496 intelligentium
996 2421 1070 2472 una
1089 2421 1235 2496 semper
1254 2412 1309 2471 at·
1456 2410 1458 2425 ⁴

157 2600 160 2605 ,
243 2543 315 2617 que
341 2517 471 2593 eadem
491 2519 562 2591 fuit
580 2522 776 2609 sententia,
800 2520 992 2617 solumque
1006 2518 1079 2592 hoc
1098 2517 1309 2613 ambigitur,

242 2637 496 2736 improbiusne
526 2640 673 2712 mentiti
704 2661 753 2712 an
784 2637 951 2736 putidius
983 2636 1234 2735 philosophati
1260 2660 1309 2710 an
1354 2648 1358 2654 “
1455 2682 1458 2727 ,1

240 2761 404 2856 ineptius
422 2757 580 2831 Homeri
603 2759 840 2856 Platonisque
863 2759 1061 2832 sententias
1076 2760 1308 2856 interpretati

241 2878 379 2953 fuerint
409 2879 598 2951 Platonici.
624 2946 626 2950 .
660 2878 737 2953 Sed
760 2878 806 2953 dc
831 2877 1032 2951 mendaciis
1057 2899 1185 2951 eorum
1209 2877 1307 2951 infra

243 2997 402 3090 dicetur3
428 2996 475 3070 de
492 2984 630 3073 vceteris
654 2998 853 3074 virtutibus
879 2999 1120 3071 Ruhnkenius
1144 2998 1306 3073 breviter

242 3116 500 3217 dumosque,
531 3118 630 3216 quod
660 3142 719 3192 res
744 3119 874 3208 habet,
898 3118 1166 3216 pronunciavit
1200 3117 1306 3207 „Etsi

242 3224 453 3335 „Longinus
460 3291 472 3329 ,
502 3239 639 3336 inquit,
670 3238 931 3329 Ammonium,
965 3237 1178 3343 Origenem,
1210 3236 1305 3309 Am-

242 3362 455 3458 „moniique
481 3357 702 3458 discipulum
728 3359 926 3463 Plotinum,
951 3358 1033 3432 aliis
1060 3348 1189 3430 aetatis
1216 3377 1305 3428 suae

241 3468 510 3578 „philosophis
528 3462 773 3569 anteferebat,
804 3503 881 3552 non
913 3489 1037 3551 tamen
1067 3474 1203 3549 idcirco
1230 3478 1305 3549 exi-

240 3597 492 3689 „stimandum
524 3612 596 3688 est,
635 3597 923 3696 philosophandi
954 3600 1153 3686 rationem,
1194 3618 1303 3692 quam
1431 3652 1458 3661 a„

240 3720 321 3821 „illi
345 3730 600 3817 sequerentur,
625 3741 693 3815 per
718 3720 851 3795 omnia
870 3716 1047 3815 probasse
1067 3760 1116 3771 -
1136 3761 1186 3771 -
1205 3715 1303 3788 Lon·
1457 3810 1458 3813 Ἴ

238 3840 397 3932 „ginumw
413 3840 557 3934 ignoret
582 3849 746 3934 oportet,
771 3838 834 3932 qni
859 3835 926 3907 tali
948 3836 1095 3930 iugenio
1119 3834 1306 3933 placuisse

230 3955 389 4047 ,creda
417 3955 548 4031 duram
580 3967 617 4028 et
649 3965 855 4029 contortam
880 3954 1202 4053 philosophorum,
1238 3957 1304 4052 qui
1457 3940 1458 3951 Ν
