<?xml version="1.0" encoding="UTF-8"?>
<!DOCTYPE html PUBLIC "-//W3C//DTD XHTML 1.0 Transitional//EN"
    "http://www.w3.org/TR/xhtml1/DTD/xhtml1-transitional.dtd">
<html xmlns="http://www.w3.org/1999/xhtml" xml:lang="en" lang="en">
 <head>
  <title>
</title>
<meta http-equiv="Content-Type" content="text/html;charset=utf-8" />
  <meta name='ocr-system' content='tesseract 3.04.00' />
  <meta name='ocr-capabilities' content='ocr_page ocr_carea ocr_par ocr_line ocrx_word'/>
</head>
<body>
  <div class='ocr_page' id='page_1' title='image "aglaophamussive03lobegoog_0426.png"; bbox 0 0 2917 4600; ppageno 0'>
   <div class='ocr_carea' id='block_1_1' title="bbox 317 60 324 99">
    <p class='ocr_par' dir='ltr' id='par_1_1' title="bbox 317 60 324 99">
     <span class='ocr_line' id='line_1_1' title="bbox 317 60 324 99; baseline 0 0"><span class='ocrx_word' id='word_1_1' title='bbox 317 60 324 99; x_wconf 75' lang='lat' dir='ltr'><strong>i</strong></span> 
     </span>
    </p>
   </div>
   <div class='ocr_carea' id='block_1_2' title="bbox 247 192 1000 267">
    <p class='ocr_par' dir='ltr' id='par_1_2' title="bbox 247 192 1000 267">
     <span class='ocr_line' id='line_1_2' title="bbox 247 192 1000 267; baseline 0.011 -9"><span class='ocrx_word' id='word_1_2' title='bbox 247 192 324 267; x_wconf 82' lang='grc'><strong>384</strong></span> <span class='ocrx_word' id='word_1_3' title='bbox 568 206 713 261; x_wconf 79' lang='lat' dir='ltr'><strong>claun</strong></span> <span class='ocrx_word' id='word_1_4' title='bbox 738 208 1000 266; x_wconf 75' lang='lat' dir='ltr'><strong>sucuunus.</strong></span> 
     </span>
    </p>
   </div>
   <div class='ocr_carea' id='block_1_3' title="bbox 165 350 1325 827">
    <p class='ocr_par' dir='ltr' id='par_1_3' title="bbox 165 350 1325 827">
     <span class='ocr_line' id='line_1_3' title="bbox 165 350 1322 465; baseline 0.003 -23"><span class='ocrx_word' id='word_1_5' title='bbox 165 364 168 379; x_wconf 82' lang='lat'>‘</span> <span class='ocrx_word' id='word_1_6' title='bbox 247 381 286 453; x_wconf 83' lang='lat' dir='ltr'><strong>et</strong></span> <span class='ocrx_word' id='word_1_7' title='bbox 308 350 496 457; x_wconf 79' lang='lat' dir='ltr'><strong>remedie,</strong></span> <span class='ocrx_word' id='word_1_8' title='bbox 536 366 670 465; x_wconf 87' lang='lat' dir='ltr'><strong>quibus</strong></span> <span class='ocrx_word' id='word_1_9' title='bbox 695 368 725 438; x_wconf 84' lang='lat' dir='ltr'><strong>a</strong></span> <span class='ocrx_word' id='word_1_10' title='bbox 746 366 849 441; x_wconf 86' lang='lat' dir='ltr'><strong>vitiis</strong></span> <span class='ocrx_word' id='word_1_11' title='bbox 883 382 1167 459; x_wconf 85' lang='lat' dir='ltr'><strong>consanescant,</strong></span> <span class='ocrx_word' id='word_1_12' title='bbox 1208 371 1322 445; x_wconf 78' lang='lat' dir='ltr'><strong>nadi-</strong></span> 
     </span>
     <span class='ocr_line' id='line_1_4' title="bbox 246 488 1098 563; baseline -0.008 0"><span class='ocrx_word' id='word_1_13' title='bbox 246 488 344 563; x_wconf 88' lang='lat' dir='ltr'><strong>derit</strong></span> <span class='ocrx_word' id='word_1_14' title='bbox 368 490 542 562; x_wconf 76' lang='lat' dir='ltr'><strong>carminis</strong></span> <span class='ocrx_word' id='word_1_15' title='bbox 568 500 706 561; x_wconf 84' lang='lat' dir='ltr'>auctor.</span> <span class='ocrx_word' id='word_1_16' title='bbox 1094 510 1098 522; x_wconf 89' lang='lat'><em>·</em></span> 
     </span>
     <span class='ocr_line' id='line_1_5' title="bbox 336 594 1325 714; baseline 0.006 -31"><span class='ocrx_word' id='word_1_17' title='bbox 336 604 505 685; x_wconf 80' lang='lat' dir='ltr'><strong>&#39;XXXII</strong></span> <span class='ocrx_word' id='word_1_18' title='bbox 546 607 712 689; x_wconf 68' lang='lat' dir='ltr'><strong>Tanai·</strong></span> <span class='ocrx_word' id='word_1_19' title='bbox 744 594 887 694; x_wconf 83' lang='grc' dir='ltr'><strong><em>ταύτας</em></strong></span> <span class='ocrx_word' id='word_1_20' title='bbox 913 611 1194 713; x_wconf 76' lang='grc' dir='ltr'><strong><em>Ὀνομακρίτου</em></strong></span> <span class='ocrx_word' id='word_1_21' title='bbox 1228 616 1325 714; x_wconf 84' lang='grc' dir='ltr'><strong><em>φασί</em></strong></span> 
     </span>
     <span class='ocr_line' id='line_1_6' title="bbox 247 728 1322 827; baseline 0.002 -22"><span class='ocrx_word' id='word_1_22' title='bbox 247 730 350 806; x_wconf 82' lang='lat' dir='ltr'><strong>Suid.</strong></span> <span class='ocrx_word' id='word_1_23' title='bbox 402 729 487 805; x_wconf 87' lang='lat' dir='ltr'><strong>Jam</strong></span> <span class='ocrx_word' id='word_1_24' title='bbox 512 752 629 827; x_wconf 87' lang='lat' dir='ltr'><strong>supra</strong></span> <span class='ocrx_word' id='word_1_25' title='bbox 654 730 844 825; x_wconf 74' lang='lat' dir='ltr'><strong>attigimus</strong></span> <span class='ocrx_word' id='word_1_26' title='bbox 860 728 1064 804; x_wconf 81' lang='lat' dir='ltr'><strong>Pausaniae</strong></span> <span class='ocrx_word' id='word_1_27' title='bbox 1085 733 1209 807; x_wconf 83' lang='lat' dir='ltr'><strong>Iocum</strong></span> <span class='ocrx_word' id='word_1_28' title='bbox 1224 733 1322 807; x_wconf 83' lang='lat' dir='ltr'><strong>VIII.</strong></span> 
     </span>
    </p>
   </div>
   <div class='ocr_carea' id='block_1_4' title="bbox 135 850 1323 956">
    <p class='ocr_par' dir='ltr' id='par_1_4' title="bbox 135 850 1323 956">
     <span class='ocr_line' id='line_1_7' title="bbox 135 850 1323 956; baseline 0.008 -30"><span class='ocrx_word' id='word_1_29' title='bbox 135 896 137 901; x_wconf 67' lang='lat'><strong>,</strong></span> <span class='ocrx_word' id='word_1_30' title='bbox 247 853 308 930; x_wconf 82' lang='lat'><strong>37.</strong></span> <span class='ocrx_word' id='word_1_31' title='bbox 348 853 452 954; x_wconf 78' lang='grc' dir='ltr'><strong><em>παρὰ</em></strong></span> <span class='ocrx_word' id='word_1_32' title='bbox 480 851 653 953; x_wconf 77' lang='grc' dir='ltr'><strong><em>Ὀμήρου</em></strong></span> <span class='ocrx_word' id='word_1_33' title='bbox 682 850 957 954; x_wconf 76' lang='grc' dir='ltr'><strong><em>Ὀνομάκριτος</em></strong></span> <span class='ocrx_word' id='word_1_34' title='bbox 982 855 1219 956; x_wconf 73' lang='grc' dir='ltr'><strong><em>παραλαβών</em></strong></span> <span class='ocrx_word' id='word_1_35' title='bbox 1242 867 1323 936; x_wconf 84' lang='grc' dir='ltr'><strong><em>τῶν</em></strong></span> 
     </span>
    </p>
   </div>
   <div class='ocr_carea' id='block_1_5' title="bbox 237 970 1323 1435">
    <p class='ocr_par' dir='ltr' id='par_1_5' title="bbox 237 970 1323 1435">
     <span class='ocr_line' id='line_1_8' title="bbox 249 970 1323 1082; baseline 0.006 -34"><span class='ocrx_word' id='word_1_36' title='bbox 249 970 423 1050; x_wconf 81' lang='grc' dir='ltr'><strong><em>Τιτάνων</em></strong></span> <span class='ocrx_word' id='word_1_37' title='bbox 455 971 499 1049; x_wconf 81' lang='grc' dir='ltr'><strong>τὸ</strong></span> <span class='ocrx_word' id='word_1_38' title='bbox 535 973 656 1072; x_wconf 78' lang='grc' dir='ltr'><strong><em>ὄνομα</em></strong></span> <span class='ocrx_word' id='word_1_39' title='bbox 690 970 866 1072; x_wconf 81' lang='grc' dir='ltr'><em>Διονύσῳ</em></span> <span class='ocrx_word' id='word_1_40' title='bbox 898 988 938 1048; x_wconf 71' lang='grc' dir='ltr'><strong>τε</strong></span> <span class='ocrx_word' id='word_1_41' title='bbox 971 977 1181 1073; x_wconf 67' lang='grc' dir='ltr'><strong><em>συνέθηκεν</em></strong></span> <span class='ocrx_word' id='word_1_42' title='bbox 1211 980 1323 1082; x_wconf 78' lang='grc' dir='ltr'><strong><em>ὄργια</em></strong></span> 
     </span>
     <span class='ocr_line' id='line_1_9' title="bbox 246 1091 1321 1197; baseline 0.007 -27"><span class='ocrx_word' id='word_1_43' title='bbox 246 1124 312 1171; x_wconf 84' lang='grc' dir='ltr'><strong>και</strong></span> <span class='ocrx_word' id='word_1_44' title='bbox 298 1093 432 1172; x_wconf 69' lang='grc' dir='ltr'><strong><em>εἶναι</em></strong></span> <span class='ocrx_word' id='word_1_45' title='bbox 457 1092 596 1178; x_wconf 72' lang='grc' dir='ltr'><strong><em>αὐτοὺς</em></strong></span> <span class='ocrx_word' id='word_1_46' title='bbox 620 1122 675 1192; x_wconf 80' lang='grc' dir='ltr'><strong>τῳ</strong></span> <span class='ocrx_word' id='word_1_47' title='bbox 657 1091 866 1192; x_wconf 75' lang='grc' dir='ltr'><em>Διονύσῳ</em></span> <span class='ocrx_word' id='word_1_48' title='bbox 891 1125 971 1173; x_wconf 87' lang='grc' dir='ltr'><strong><em>των</em></strong></span> <span class='ocrx_word' id='word_1_49' title='bbox 996 1096 1301 1197; x_wconf 71' lang='grc' dir='ltr'><strong><em>παθημάτων</em></strong></span> <span class='ocrx_word' id='word_1_50' title='bbox 1253 1131 1321 1177; x_wconf 85' lang='grc' dir='ltr'><strong>αα-</strong></span> 
     </span>
     <span class='ocr_line' id='line_1_10' title="bbox 244 1167 1321 1329; baseline 0.005 -37"><span class='ocrx_word' id='word_1_51' title='bbox 244 1212 448 1329; x_wconf 78' lang='grc' dir='ltr'><strong><em>τουργούς·</em></strong></span> <span class='ocrx_word' id='word_1_52' title='bbox 482 1213 582 1287; x_wconf 88' lang='lat' dir='ltr'><strong>unde</strong></span> <span class='ocrx_word' id='word_1_53' title='bbox 608 1167 732 1308; x_wconf 80' lang='lat' dir='ltr'><strong>coiligi</strong></span> <span class='ocrx_word' id='word_1_54' title='bbox 756 1225 899 1310; x_wconf 86' lang='lat' dir='ltr'><strong>potest,</strong></span> <span class='ocrx_word' id='word_1_55' title='bbox 934 1238 1083 1288; x_wconf 81' lang='lat' dir='ltr'><strong>carmen</strong></span> <span class='ocrx_word' id='word_1_56' title='bbox 1116 1218 1188 1291; x_wconf 90' lang='lat' dir='ltr'><strong>hoe</strong></span> <span class='ocrx_word' id='word_1_57' title='bbox 1217 1228 1321 1296; x_wconf 80' lang='grc' dir='ltr'><em>Τελε-</em></span> 
     </span>
     <span class='ocr_line' id='line_1_11' title="bbox 237 1326 1322 1435; baseline 0.002 -23"><span class='ocrx_word' id='word_1_58' title='bbox 237 1335 310 1412; x_wconf 85' lang='grc' dir='ltr'><strong><em>’ταί</em></strong></span> <span class='ocrx_word' id='word_1_59' title='bbox 333 1336 553 1432; x_wconf 89' lang='lat' dir='ltr'><strong>inscriptum</strong></span> <span class='ocrx_word' id='word_1_60' title='bbox 578 1336 695 1408; x_wconf 83' lang='lat' dir='ltr'><strong>fuisse</strong></span> <span class='ocrx_word' id='word_1_61' title='bbox 720 1326 897 1431; x_wconf 85' lang='lat' dir='ltr'><strong>idemque</strong></span> <span class='ocrx_word' id='word_1_62' title='bbox 922 1357 946 1407; x_wconf 93' lang='lat' dir='ltr'><strong>a</strong></span> <span class='ocrx_word' id='word_1_63' title='bbox 969 1335 1088 1409; x_wconf 84' lang='lat' dir='ltr'><strong>Suida</strong></span> <span class='ocrx_word' id='word_1_64' title='bbox 1112 1341 1322 1435; x_wconf 78' lang='lat' dir='ltr'><strong>significari,</strong></span> 
     </span>
    </p>
   </div>
   <div class='ocr_carea' id='block_1_6' title="bbox 114 1455 1322 1553">
    <p class='ocr_par' dir='ltr' id='par_1_6' title="bbox 114 1455 1322 1553">
     <span class='ocr_line' id='line_1_12' title="bbox 114 1455 1322 1553; baseline 0.002 -19"><span class='ocrx_word' id='word_1_65' title='bbox 114 1530 124 1535; x_wconf 87' lang='lat'><strong>-</strong></span> <span class='ocrx_word' id='word_1_66' title='bbox 223 1456 333 1530; x_wconf 81' lang='lat' dir='ltr'><strong>‘licet</strong></span> <span class='ocrx_word' id='word_1_67' title='bbox 358 1455 560 1529; x_wconf 83' lang='lat' dir='ltr'><strong>Pausanias</strong></span> <span class='ocrx_word' id='word_1_68' title='bbox 598 1455 645 1528; x_wconf 90' lang='lat' dir='ltr'><strong>de</strong></span> <span class='ocrx_word' id='word_1_69' title='bbox 672 1455 822 1553; x_wconf 87' lang='lat' dir='ltr'><strong>Orpheo</strong></span> <span class='ocrx_word' id='word_1_70' title='bbox 859 1456 1004 1529; x_wconf 84' lang='lat' dir='ltr'><strong>nultum</strong></span> <span class='ocrx_word' id='word_1_71' title='bbox 1030 1457 1186 1533; x_wconf 87' lang='lat' dir='ltr'><strong>verbum</strong></span> <span class='ocrx_word' id='word_1_72' title='bbox 1213 1459 1322 1537; x_wconf 88' lang='lat' dir='ltr'><strong>dicat</strong></span> 
     </span>
    </p>
   </div>
   <div class='ocr_carea' id='block_1_7' title="bbox 146 1575 1332 3732">
    <p class='ocr_par' dir='ltr' id='par_1_7' title="bbox 146 1575 1332 2277">
     <span class='ocr_line' id='line_1_13' title="bbox 246 1575 1332 1680; baseline 0.004 -29"><span class='ocrx_word' id='word_1_73' title='bbox 246 1576 323 1651; x_wconf 77' lang='lat' dir='ltr'><strong>Sed</strong></span> <span class='ocrx_word' id='word_1_74' title='bbox 341 1578 507 1672; x_wconf 60' lang='lat' dir='ltr'><strong>gravior</strong></span> <span class='ocrx_word' id='word_1_75' title='bbox 543 1577 610 1649; x_wconf 83' lang='lat' dir='ltr'><strong>iiia</strong></span> <span class='ocrx_word' id='word_1_76' title='bbox 642 1575 857 1665; x_wconf 84' lang='lat' dir='ltr'><strong>difficultas,</strong></span> <span class='ocrx_word' id='word_1_77' title='bbox 894 1576 994 1675; x_wconf 90' lang='lat' dir='ltr'><strong>quod</strong></span> <span class='ocrx_word' id='word_1_78' title='bbox 1027 1578 1172 1669; x_wconf 85' lang='lat' dir='ltr'><strong>fabula,</strong></span> <span class='ocrx_word' id='word_1_79' title='bbox 1211 1603 1332 1680; x_wconf 86' lang='lat' dir='ltr'><strong>quam</strong></span> 
     </span>
     <span class='ocr_line' id='line_1_14' title="bbox 246 1696 1322 1798; baseline 0.005 -27"><span class='ocrx_word' id='word_1_80' title='bbox 246 1698 307 1771; x_wconf 82' lang='lat' dir='ltr'><strong>hic</strong></span> <span class='ocrx_word' id='word_1_81' title='bbox 328 1697 376 1770; x_wconf 83' lang='lat' dir='ltr'><strong>ab</strong></span> <span class='ocrx_word' id='word_1_82' title='bbox 404 1697 646 1771; x_wconf 87' lang='lat' dir='ltr'><strong>Onomacrito</strong></span> <span class='ocrx_word' id='word_1_83' title='bbox 673 1699 866 1770; x_wconf 86' lang='lat' dir='ltr'><strong>confictam</strong></span> <span class='ocrx_word' id='word_1_84' title='bbox 901 1696 1033 1788; x_wconf 83' lang='lat' dir='ltr'><strong>tradit,</strong></span> <span class='ocrx_word' id='word_1_85' title='bbox 1067 1702 1322 1798; x_wconf 81' lang='lat' dir='ltr'><strong>copiosissime</strong></span> 
     </span>
     <span class='ocr_line' id='line_1_15' title="bbox 247 1806 1321 1917; baseline 0.006 -27"><span class='ocrx_word' id='word_1_86' title='bbox 247 1827 441 1901; x_wconf 81' lang='lat' dir='ltr'><strong>enarratur</strong></span> <span class='ocrx_word' id='word_1_87' title='bbox 466 1820 507 1890; x_wconf 91' lang='lat' dir='ltr'><strong>in</strong></span> <span class='ocrx_word' id='word_1_88' title='bbox 521 1815 736 1914; x_wconf 84' lang='lat' dir='ltr'><strong>Theogonia</strong></span> <span class='ocrx_word' id='word_1_89' title='bbox 755 1806 934 1917; x_wconf 79' lang='lat' dir='ltr'><strong>Orphica,</strong></span> <span class='ocrx_word' id='word_1_90' title='bbox 959 1819 1069 1915; x_wconf 85' lang='lat' dir='ltr'><strong>hujus</strong></span> <span class='ocrx_word' id='word_1_91' title='bbox 1096 1834 1220 1894; x_wconf 86' lang='lat' dir='ltr'><strong>autem</strong></span> <span class='ocrx_word' id='word_1_92' title='bbox 1246 1844 1321 1896; x_wconf 88' lang='lat' dir='ltr'><strong>non</strong></span> 
     </span>
     <span class='ocr_line' id='line_1_16' title="bbox 247 1937 1322 2036; baseline 0 -19"><span class='ocrx_word' id='word_1_93' title='bbox 247 1937 528 2028; x_wconf 85' lang='lat' dir='ltr'><strong>Onomaeritus,</strong></span> <span class='ocrx_word' id='word_1_94' title='bbox 560 1938 628 2012; x_wconf 86' lang='lat' dir='ltr'><strong>sed</strong></span> <span class='ocrx_word' id='word_1_95' title='bbox 655 1937 816 2036; x_wconf 84' lang='lat' dir='ltr'><strong>Cercops</strong></span> <span class='ocrx_word' id='word_1_96' title='bbox 842 1952 908 2012; x_wconf 88' lang='lat' dir='ltr'><strong>aut</strong></span> <span class='ocrx_word' id='word_1_97' title='bbox 933 1937 1168 2036; x_wconf 80' lang='lat' dir='ltr'><strong>Theognetus</strong></span> <span class='ocrx_word' id='word_1_98' title='bbox 1194 1955 1322 2017; x_wconf 87' lang='lat' dir='ltr'><strong>auctor</strong></span> 
     </span>
     <span class='ocr_line' id='line_1_17' title="bbox 146 2036 1322 2156; baseline 0.009 -28"><span class='ocrx_word' id='word_1_99' title='bbox 146 2108 150 2115; x_wconf 84' lang='lat'>-</span> <span class='ocrx_word' id='word_1_100' title='bbox 245 2036 481 2156; x_wconf 81' lang='lat' dir='ltr'><strong>perhibetur3</strong></span> <span class='ocrx_word' id='word_1_101' title='bbox 517 2057 564 2131; x_wconf 92' lang='lat' dir='ltr'><strong>de</strong></span> <span class='ocrx_word' id='word_1_102' title='bbox 591 2082 664 2156; x_wconf 89' lang='lat' dir='ltr'><strong>quo</strong></span> <span class='ocrx_word' id='word_1_103' title='bbox 691 2058 875 2148; x_wconf 82' lang='lat' dir='ltr'><strong>dicemus,</strong></span> <span class='ocrx_word' id='word_1_104' title='bbox 915 2058 980 2131; x_wconf 85' lang='lat' dir='ltr'><strong>ubi</strong></span> <span class='ocrx_word' id='word_1_105' title='bbox 1015 2059 1064 2133; x_wconf 91' lang='lat' dir='ltr'><strong>ad</strong></span> <span class='ocrx_word' id='word_1_106' title='bbox 1089 2061 1184 2136; x_wconf 90' lang='lat' dir='ltr'><strong>hanc</strong></span> <span class='ocrx_word' id='word_1_107' title='bbox 1209 2062 1322 2139; x_wconf 88' lang='lat' dir='ltr'><strong>desti-</strong></span> 
     </span>
     <span class='ocr_line' id='line_1_18' title="bbox 245 2177 1004 2277; baseline 0 -24"><span class='ocrx_word' id='word_1_108' title='bbox 245 2182 325 2253; x_wconf 90' lang='lat' dir='ltr'><strong>nati</strong></span> <span class='ocrx_word' id='word_1_109' title='bbox 352 2177 475 2275; x_wconf 83' lang='lat' dir='ltr'><strong>operis</strong></span> <span class='ocrx_word' id='word_1_110' title='bbox 501 2190 647 2277; x_wconf 85' lang='lat' dir='ltr'><strong>partem</strong></span> <span class='ocrx_word' id='word_1_111' title='bbox 673 2192 897 2277; x_wconf 83' lang='lat' dir='ltr'><strong>perventrun</strong></span> <span class='ocrx_word' id='word_1_112' title='bbox 923 2182 1004 2253; x_wconf 85' lang='lat' dir='ltr'><strong>erit.</strong></span> 
     </span>
    </p>

    <p class='ocr_par' dir='ltr' id='par_1_8' title="bbox 201 2296 1323 3732">
     <span class='ocr_line' id='line_1_19' title="bbox 348 2296 1323 2406; baseline 0.003 -32"><span class='ocrx_word' id='word_1_113' title='bbox 348 2296 525 2374; x_wconf 88' lang='lat' dir='ltr'><strong>XXXHI.</strong></span> <span class='ocrx_word' id='word_1_114' title='bbox 556 2302 750 2406; x_wconf 71' lang='grc' dir='ltr'><strong><em>Τριαγμοί.</em></strong></span> <span class='ocrx_word' id='word_1_115' title='bbox 779 2300 915 2375; x_wconf 85' lang='lat' dir='ltr'><strong>Suidas</strong></span> <span class='ocrx_word' id='word_1_116' title='bbox 941 2304 1032 2376; x_wconf 89' lang='lat' dir='ltr'><strong>satis</strong></span> <span class='ocrx_word' id='word_1_117' title='bbox 1050 2303 1213 2377; x_wconf 85' lang='lat' dir='ltr'><strong>abscisse</strong></span> <span class='ocrx_word' id='word_1_118' title='bbox 1234 2307 1323 2406; x_wconf 64' lang='lat' dir='ltr'><strong>’Oo-</strong></span> 
     </span>
     <span class='ocr_line' id='line_1_20' title="bbox 201 2421 1322 2530; baseline 0.005 -32"><span class='ocrx_word' id='word_1_119' title='bbox 201 2519 207 2530; x_wconf 27' lang='lat'><strong>¹</strong></span> <span class='ocrx_word' id='word_1_120' title='bbox 243 2421 339 2523; x_wconf 79' lang='grc' dir='ltr'><strong>φεύς</strong></span> <span class='ocrx_word' id='word_1_121' title='bbox 366 2424 506 2524; x_wconf 67' lang='grc' dir='ltr'><strong><em>ἔγραψε</em></strong></span> <span class='ocrx_word' id='word_1_122' title='bbox 531 2422 753 2523; x_wconf 81' lang='grc' dir='ltr'><strong><em>τριαομούς</em></strong></span> <span class='ocrx_word' id='word_1_123' title='bbox 795 2425 1039 2528; x_wconf 70' lang='grc' dir='ltr'><strong><em>λέγονται</em></strong></span> <span class='ocrx_word' id='word_1_124' title='bbox 997 2423 1039 2501; x_wconf 70' lang='grc' dir='ltr'><strong>δὲ</strong></span> <span class='ocrx_word' id='word_1_125' title='bbox 1073 2426 1169 2503; x_wconf 81' lang='grc' dir='ltr'><strong><em>εἶναι</em></strong></span> <span class='ocrx_word' id='word_1_126' title='bbox 1195 2427 1322 2512; x_wconf 75' lang='grc' dir='ltr'><strong><em>Ἴωνος</em></strong></span> 
     </span>
     <span class='ocr_line' id='line_1_21' title="bbox 246 2543 1321 2645; baseline 0.005 -26"><span class='ocrx_word' id='word_1_127' title='bbox 246 2552 315 2620; x_wconf 84' lang='grc' dir='ltr'><strong>τοῦ</strong></span> <span class='ocrx_word' id='word_1_128' title='bbox 348 2549 549 2644; x_wconf 74' lang='grc' dir='ltr'><strong><em>τραγικοῦ·</em></strong></span> <span class='ocrx_word' id='word_1_129' title='bbox 593 2547 635 2620; x_wconf 76' lang='grc' dir='ltr'><strong><em>ἐν</em></strong></span> <span class='ocrx_word' id='word_1_130' title='bbox 660 2543 703 2620; x_wconf 73' lang='lat' dir='ltr'><strong>dd</strong></span> <span class='ocrx_word' id='word_1_131' title='bbox 735 2573 882 2630; x_wconf 83' lang='grc' dir='ltr'><strong><em>τουτοις</em></strong></span> <span class='ocrx_word' id='word_1_132' title='bbox 907 2545 955 2621; x_wconf 81' lang='grc' dir='ltr'><strong>τὰ</strong></span> <span class='ocrx_word' id='word_1_133' title='bbox 985 2545 1226 2645; x_wconf 80' lang='grc' dir='ltr'><strong><em>Ἱεροστολικὰ</em></strong></span> <span class='ocrx_word' id='word_1_134' title='bbox 1252 2578 1321 2624; x_wconf 90' lang='grc' dir='ltr'><strong>κα-</strong></span> 
     </span>
     <span class='ocr_line' id='line_1_22' title="bbox 247 2661 1320 2763; baseline 0.003 -26"><span class='ocrx_word' id='word_1_135' title='bbox 247 2661 428 2763; x_wconf 79' lang='grc' dir='ltr'><strong><em>λούμενα·</em></strong></span> <span class='ocrx_word' id='word_1_136' title='bbox 456 2683 551 2757; x_wconf 88' lang='lat' dir='ltr'><strong>quae</strong></span> <span class='ocrx_word' id='word_1_137' title='bbox 577 2661 705 2734; x_wconf 89' lang='lat' dir='ltr'><strong>omnia</strong></span> <span class='ocrx_word' id='word_1_138' title='bbox 726 2686 772 2734; x_wconf 84' lang='lat' dir='ltr'><strong>ex</strong></span> <span class='ocrx_word' id='word_1_139' title='bbox 788 2687 912 2737; x_wconf 85' lang='lat' dir='ltr'><strong>errore</strong></span> <span class='ocrx_word' id='word_1_140' title='bbox 928 2663 1221 2740; x_wconf 83' lang='lat' dir='ltr'><strong>Grammatistae</strong></span> <span class='ocrx_word' id='word_1_141' title='bbox 1236 2691 1320 2740; x_wconf 90' lang='lat' dir='ltr'><strong>con-</strong></span> 
     </span>
     <span class='ocr_line' id='line_1_23' title="bbox 245 2778 1317 2860; baseline 0.005 -5"><span class='ocrx_word' id='word_1_142' title='bbox 245 2784 335 2856; x_wconf 84' lang='lat' dir='ltr'><strong>flata</strong></span> <span class='ocrx_word' id='word_1_143' title='bbox 373 2778 561 2856; x_wconf 85' lang='lat' dir='ltr'><strong>videntur.</strong></span> <span class='ocrx_word' id='word_1_144' title='bbox 627 2779 784 2856; x_wconf 86' lang='lat' dir='ltr'><strong>Criticus</strong></span> <span class='ocrx_word' id='word_1_145' title='bbox 825 2806 849 2856; x_wconf 88' lang='lat' dir='ltr'><strong>a</strong></span> <span class='ocrx_word' id='word_1_146' title='bbox 882 2782 1072 2858; x_wconf 86' lang='lat' dir='ltr'><strong>Clemente</strong></span> <span class='ocrx_word' id='word_1_147' title='bbox 1112 2785 1317 2860; x_wconf 87' lang='lat' dir='ltr'><strong>adhibitus:</strong></span> 
     </span>
     <span class='ocr_line' id='line_1_24' title="bbox 237 2887 1319 3013; baseline 0.005 -34"><span class='ocrx_word' id='word_1_148' title='bbox 237 2907 325 2981; x_wconf 76' lang='grc' dir='ltr'><strong><em>Ἴων</em></strong></span> <span class='ocrx_word' id='word_1_149' title='bbox 349 2904 370 2979; x_wconf 83' lang='grc' dir='ltr'><em>ὃ</em></span> <span class='ocrx_word' id='word_1_150' title='bbox 398 2910 494 2988; x_wconf 84' lang='grc' dir='ltr'><strong><em>Χῖος</em></strong></span> <span class='ocrx_word' id='word_1_151' title='bbox 519 2906 560 2979; x_wconf 82' lang='grc' dir='ltr'><strong><em>ίν</em></strong></span> <span class='ocrx_word' id='word_1_152' title='bbox 583 2887 662 2988; x_wconf 86' lang='grc' dir='ltr'><strong><em>τοῖς</em></strong></span> <span class='ocrx_word' id='word_1_153' title='bbox 692 2911 894 3009; x_wconf 69' lang='grc' dir='ltr'><strong><em>Τριαγμοῖς</em></strong></span> <span class='ocrx_word' id='word_1_154' title='bbox 920 2908 984 2982; x_wconf 85' lang='grc' dir='ltr'><strong>καὶ</strong></span> <span class='ocrx_word' id='word_1_155' title='bbox 998 2908 1243 3013; x_wconf 75' lang='grc' dir='ltr'><strong><em>Πυθαγόραν</em></strong></span> <span class='ocrx_word' id='word_1_156' title='bbox 1268 2917 1319 2995; x_wconf 75' lang='grc' dir='ltr'><strong>εἷς</strong></span> 
     </span>
     <span class='ocr_line' id='line_1_25' title="bbox 242 3025 1319 3134; baseline 0.005 -32.085"><span class='ocrx_word' id='word_1_157' title='bbox 242 3025 390 3125; x_wconf 77' lang='grc' dir='ltr'><strong><em>Ορφία</em></strong></span> <span class='ocrx_word' id='word_1_158' title='bbox 422 3026 634 3126; x_wconf 78' lang='grc' dir='ltr'><strong><em>ανενεγκεῖν</em></strong></span> <span class='ocrx_word' id='word_1_159' title='bbox 659 3051 745 3102; x_wconf 89' lang='grc' dir='ltr'><strong><em>τινα</em></strong></span> <span class='ocrx_word' id='word_1_160' title='bbox 772 3029 920 3128; x_wconf 73' lang='grc' dir='ltr'><strong><em>ἱστορεῖ.</em></strong></span> <span class='ocrx_word' id='word_1_161' title='bbox 947 3027 1216 3134; x_wconf 83' lang='lat' dir='ltr'><strong>Harpocratio·</strong></span> <span class='ocrx_word' id='word_1_162' title='bbox 1233 3033 1319 3107; x_wconf 74' lang='grc' dir='ltr'><strong><em>Ἴων</em></strong></span> 
     </span>
     <span class='ocr_line' id='line_1_26' title="bbox 238 3141 1319 3293; baseline 0.01 -75"><span class='ocrx_word' id='word_1_163' title='bbox 238 3216 242 3226; x_wconf 84' lang='grc'><strong>,</strong></span> <span class='ocrx_word' id='word_1_164' title='bbox 247 3147 466 3248; x_wconf 73' lang='grc' dir='ltr'><strong><em>-ἐγραψε</em></strong></span> <span class='ocrx_word' id='word_1_165' title='bbox 492 3175 556 3220; x_wconf 84' lang='grc' dir='ltr'><strong>και</strong></span> <span class='ocrx_word' id='word_1_166' title='bbox 544 3141 782 3293; x_wconf 81' lang='grc' dir='ltr'><strong><em>φιλόσηφόν</em></strong></span> <span class='ocrx_word' id='word_1_167' title='bbox 796 3179 834 3222; x_wconf 81' lang='grc' dir='ltr'><strong>τι</strong></span> <span class='ocrx_word' id='word_1_168' title='bbox 850 3175 1092 3253; x_wconf 71' lang='grc' dir='ltr'><strong><em>σογμμαμμα,</em></strong></span> <span class='ocrx_word' id='word_1_169' title='bbox 1118 3183 1187 3230; x_wconf 82' lang='grc' dir='ltr'><strong><em>τον</em></strong></span> <span class='ocrx_word' id='word_1_170' title='bbox 1206 3160 1319 3254; x_wconf 78' lang='grc' dir='ltr'><strong><em>Τρια-</em></strong></span> 
     </span>
     <span class='ocr_line' id='line_1_27' title="bbox 245 3255 1318 3377; baseline 0.008 -37"><span class='ocrx_word' id='word_1_171' title='bbox 245 3264 350 3367; x_wconf 77' lang='grc' dir='ltr'><strong><em>γμον</em></strong></span> <span class='ocrx_word' id='word_1_172' title='bbox 382 3255 763 3414; x_wconf 61' lang='grc' dir='ltr'><strong><em>ἐπιγραφίμενονς“</em></strong></span> <span class='ocrx_word' id='word_1_173' title='bbox 740 3297 830 3367; x_wconf 76' lang='grc' dir='ltr'><strong><em>οπερ</em></strong></span> <span class='ocrx_word' id='word_1_174' title='bbox 865 3270 1101 3370; x_wconf 73' lang='grc' dir='ltr'><strong><em>Καλλίμαχος</em></strong></span> <span class='ocrx_word' id='word_1_175' title='bbox 1133 3275 1318 3377; x_wconf 70' lang='grc' dir='ltr'><strong><em>ἀντιλέγε-</em></strong></span> 
     </span>
     <span class='ocr_line' id='line_1_28' title="bbox 237 3379 1319 3490; baseline 0.008 -30"><span class='ocrx_word' id='word_1_176' title='bbox 237 3379 343 3461; x_wconf 61' lang='lat' dir='ltr'><strong>&#39;odor&#39;</strong></span> <span class='ocrx_word' id='word_1_177' title='bbox 376 3411 493 3485; x_wconf 85' lang='grc' dir='ltr'><strong><em>φησιν</em></strong></span> <span class='ocrx_word' id='word_1_178' title='bbox 526 3388 576 3474; x_wconf 79' lang='grc' dir='ltr'><strong>ὥς</strong></span> <span class='ocrx_word' id='word_1_179' title='bbox 608 3387 888 3490; x_wconf 73' lang='grc' dir='ltr'><strong><em>ἘπιμένοοςΗ.</em></strong></span> <span class='ocrx_word' id='word_1_180' title='bbox 935 3393 997 3468; x_wconf 83' lang='grc' dir='ltr'><strong><em>Ἐν</em></strong></span> <span class='ocrx_word' id='word_1_181' title='bbox 1022 3392 1132 3477; x_wconf 80' lang='grc' dir='ltr'><strong><em>ἐνίοις</em></strong></span> <span class='ocrx_word' id='word_1_182' title='bbox 1159 3391 1202 3468; x_wconf 70' lang='grc' dir='ltr'><strong>δὲ</strong></span> <span class='ocrx_word' id='word_1_183' title='bbox 1228 3403 1319 3488; x_wconf 81' lang='grc' dir='ltr'><strong><em>πλη-</em></strong></span> 
     </span>
     <span class='ocr_line' id='line_1_29' title="bbox 243 3499 1321 3614; baseline 0.004 -30"><span class='ocrx_word' id='word_1_184' title='bbox 243 3509 479 3592; x_wconf 70' lang='grc' dir='ltr'><strong><em>θυντικῶς</em></strong></span> <span class='ocrx_word' id='word_1_185' title='bbox 461 3539 706 3612; x_wconf 74' lang='grc' dir='ltr'><strong><em>επιμραφεται</em></strong></span> <span class='ocrx_word' id='word_1_186' title='bbox 737 3511 940 3614; x_wconf 76' lang='grc' dir='ltr'><strong><em>Τριαγμοί,</em></strong></span> <span class='ocrx_word' id='word_1_187' title='bbox 974 3513 1081 3589; x_wconf 76' lang='grc' dir='ltr'><strong>καθὰ</strong></span> <span class='ocrx_word' id='word_1_188' title='bbox 1110 3499 1321 3612; x_wconf 75' lang='grc' dir='ltr'><strong><em>Δημήτριος</em></strong></span> 
     </span>
     <span class='ocr_line' id='line_1_30' title="bbox 244 3626 1318 3732; baseline 0.008 -29"><span class='ocrx_word' id='word_1_189' title='bbox 244 3628 265 3703; x_wconf 84' lang='grc' dir='ltr'><strong><em>ὅ</em></strong></span> <span class='ocrx_word' id='word_1_190' title='bbox 293 3626 466 3729; x_wconf 64' lang='grc' dir='ltr'><strong><em>Σοαίψιος</em></strong></span> <span class='ocrx_word' id='word_1_191' title='bbox 501 3630 565 3707; x_wconf 85' lang='grc' dir='ltr'><strong>καὶ</strong></span> <span class='ocrx_word' id='word_1_192' title='bbox 586 3631 854 3728; x_wconf 72' lang='grc' dir='ltr'><strong><em>Ἀπολλωνίδης</em></strong></span> <span class='ocrx_word' id='word_1_193' title='bbox 886 3631 906 3708; x_wconf 83' lang='grc' dir='ltr'><em>ὃ</em></span> <span class='ocrx_word' id='word_1_194' title='bbox 934 3631 1162 3732; x_wconf 64' lang='grc' dir='ltr'><strong>ΝιναεύςΠ]1</strong></span> <span class='ocrx_word' id='word_1_195' title='bbox 1212 3636 1318 3712; x_wconf 73' lang='grc' dir='ltr'><strong><em>Ἀνα-</em></strong></span> 
     </span>
    </p>
   </div>
   <div class='ocr_carea' id='block_1_8' title="bbox 242 3849 1318 3977">
    <p class='ocr_par' dir='ltr' id='par_1_9' title="bbox 242 3849 1318 3977">
     <span class='ocr_line' id='line_1_31' title="bbox 242 3849 1318 3977; baseline 0 -70"><span class='ocrx_word' id='word_1_196' title='bbox 242 3915 304 3973; x_wconf 64' lang='lat' dir='ltr'><strong><em>m</em></strong></span> <span class='ocrx_word' id='word_1_197' title='bbox 316 3849 365 3975; x_wconf 70' lang='lat' dir='ltr'><strong>[d</strong></span> <span class='ocrx_word' id='word_1_198' title='bbox 376 3850 491 3977; x_wconf 53' lang='grc' dir='ltr'><strong>Ἑῖηῑοὲο</strong></span> <span class='ocrx_word' id='word_1_199' title='bbox 514 3855 650 3924; x_wconf 77' lang='lat' dir='ltr'><strong>Bentlejur</strong></span> <span class='ocrx_word' id='word_1_200' title='bbox 673 3856 743 3908; x_wconf 76' lang='lat' dir='ltr'><strong>inter</strong></span> <span class='ocrx_word' id='word_1_201' title='bbox 768 3856 914 3921; x_wconf 80' lang='lat' dir='ltr'><strong>fragmenta</strong></span> <span class='ocrx_word' id='word_1_202' title='bbox 940 3855 1015 3908; x_wconf 81' lang='lat' dir='ltr'><strong>tertii</strong></span> <span class='ocrx_word' id='word_1_203' title='bbox 1037 3855 1144 3908; x_wconf 79' lang='lat' dir='ltr'><strong>Pisaeis</strong></span> <span class='ocrx_word' id='word_1_204' title='bbox 1169 3854 1261 3908; x_wconf 82' lang='lat' dir='ltr'><strong>retulit</strong></span> <span class='ocrx_word' id='word_1_205' title='bbox 1292 3873 1318 3924; x_wconf 85' lang='lat' dir='ltr'><strong>p.</strong></span> 
     </span>
     <span class='ocr_line' id='line_1_32' title="bbox 324 3938 457 3977; baseline -0.008 1"><span class='ocrx_word' id='word_1_206' title='bbox 324 3938 339 3973; x_wconf 79' lang='lat' dir='ltr'><strong>e</strong></span> <span class='ocrx_word' id='word_1_207' title='bbox 418 3942 457 3977; x_wconf 84' lang='lat' dir='ltr'><strong>om</strong></span> 
     </span>
    </p>
   </div>
   <div class='ocr_carea' id='block_1_9' title="bbox 315 4008 1320 4085">
    <p class='ocr_par' dir='ltr' id='par_1_10' title="bbox 315 4008 1320 4085">
     <span class='ocr_line' id='line_1_33' title="bbox 315 4008 1320 4085; baseline 0 -21"><span class='ocrx_word' id='word_1_208' title='bbox 315 4008 355 4078; x_wconf 60' lang='grc' dir='ltr'><strong>[ί]</strong></span> <span class='ocrx_word' id='word_1_209' title='bbox 381 4011 434 4064; x_wconf 84' lang='grc' dir='ltr'><strong>Ηίο</strong></span> <span class='ocrx_word' id='word_1_210' title='bbox 458 4012 604 4066; x_wconf 73' lang='lat' dir='ltr'><strong>fortem</strong></span> <span class='ocrx_word' id='word_1_211' title='bbox 596 4029 659 4066; x_wconf 82' lang='lat' dir='ltr'><strong>rur</strong></span> <span class='ocrx_word' id='word_1_212' title='bbox 641 4012 708 4066; x_wconf 83' lang='lat' dir='ltr'><strong>Ibro</strong></span> <span class='ocrx_word' id='word_1_213' title='bbox 725 4030 762 4065; x_wconf 82' lang='lat' dir='ltr'><strong>r</strong></span> <span class='ocrx_word' id='word_1_214' title='bbox 742 4030 781 4064; x_wconf 91' lang='grc' dir='ltr'><strong><em>ν</em></strong></span> <span class='ocrx_word' id='word_1_215' title='bbox 798 4030 833 4064; x_wconf 78' lang='grc' dir='ltr'><em>κ</em></span> <span class='ocrx_word' id='word_1_216' title='bbox 834 4022 917 4080; x_wconf 76' lang='grc' dir='ltr'><strong><em>τεμεο</em></strong></span> <span class='ocrx_word' id='word_1_217' title='bbox 918 4016 1029 4085; x_wconf 76' lang='grc' dir='ltr'><strong><em>ομένων</em></strong></span> <span class='ocrx_word' id='word_1_218' title='bbox 1046 4014 1248 4068; x_wconf 76' lang='lat' dir='ltr'><strong>commenticiam</strong></span> <span class='ocrx_word' id='word_1_219' title='bbox 1266 4012 1320 4066; x_wconf 88' lang='lat' dir='ltr'><strong>Or·</strong></span> 
     </span>
    </p>
   </div>
   <div class='ocr_carea' id='block_1_10' title="bbox 0 0 1464 4600">
    <p class='ocr_par' dir='ltr' id='par_1_11' title="bbox 0 0 1464 4600">
     <span class='ocr_line' id='line_1_34' title="bbox 0 0 1464 4600; baseline 0 1"><span class='ocrx_word' id='word_1_220' title='bbox 0 0 1464 4600; x_wconf 95' lang='lat' dir='ltr'><strong> </strong></span> 
     </span>
    </p>
   </div>
  </div>
 </body>
</html>
