2917 4600
548 210 826 270 onrflrcr.
1149 206 1227 283 441

144 374 214 447 bus
229 392 343 470 quam
359 367 541 461 Clemens,
567 390 690 469 neque
710 369 772 446 hic
792 383 855 446 tot
876 381 1106 475 apposuerit,
1131 394 1226 482 quot
1302 462 1305 466 A

145 492 384 615 Aristobulm
409 491 653 567 Emeblanuc

625 747 658 848 s.
711 750 746 823 e.

245 973 301 1048 Ac
324 975 488 1072 primurn
515 970 689 1070 quidem,
723 969 824 1070 quod
850 971 899 1045 ad
923 972 1112 1051 lustinum
1138 983 1223 1055 atti.

144 1107 225 1184 net,
273 1106 316 1169 ut
349 1093 459 1169 facile
492 1093 603 1166 credo
638 1114 725 1165 eum
758 1114 835 1166 nen
869 1096 1013 1187 omnia,
1054 1120 1150 1197 quse
1182 1102 1222 1179 iu

140 1227 294 1313 promtu
321 1213 492 1304 nahum,
518 1211 685 1312 proferre
711 1213 899 1304 voluisse,
923 1217 979 1289 ita
1004 1222 1221 1311 sententias,

142 1358 240 1433 quae
264 1333 314 1407 ad
339 1334 604 1433 disputationis
629 1355 814 1408 summam
839 1338 1087 1433 pertinerent,
1112 1362 1218 1438 quas·

143 1474 216 1553 que
241 1457 325 1556 ipsa
350 1456 463 1551 series
490 1467 528 1528 et
555 1456 787 1528 continuatio
816 1478 992 1530 versuum
1020 1460 1139 1533 oculis
1164 1462 1221 1534 in·

143 1588 303 1673 gereret,
338 1575 386 1649 ab
413 1598 459 1648 eo
485 1576 666 1670 neglectas
692 1597 775 1648 esse
799 1599 936 1674 parum
962 1577 1139 1652 credibile
1164 1581 1221 1655 vi

144 1697 261 1771 detur.
311 1696 439 1794 ltaque
464 1695 531 1769 illa
556 1695 673 1769 verbe
688 1703 737 1772 ni
757 1698 810 1795 μὴ
835 1700 1068 1802 μουνογενὴς
1092 1728 1126 1777 κ.
1142 1732 1175 1777 τ.
1190 1704 1219 1778 ἑ.

142 1841 237 1917 quae
263 1829 301 1891 et
326 1819 365 1890 in
389 1815 516 1890 medie
542 1818 816 1914 conspicuoque
841 1816 925 1890 loco
950 1819 1076 1915 posita
1108 1833 1145 1895 et
1170 1820 1220 1895 ad
1345 1822 1347 1825 ’

37 1928 59 2015 ⁴.
141 1937 280 2012 lustini
306 1959 455 2010 causam
484 1938 803 2035 opportunissima
829 1949 927 2027 sunt,
953 1960 1030 2012 uon
1048 1962 1135 2013 casu
1155 1963 1220 2014 ne·

142 2083 213 2157 que
240 2057 395 2132 consilio
421 2058 638 2130 transmissa
671 2055 738 2131 sed
765 2064 917 2131 omnino
953 2060 989 2130 ei
1020 2081 1098 2135 non
1123 2060 1220 2133 lecta
1344 2092 1347 2109 ·

142 2179 313 2254 arbitror.
364 2177 580 2274 Eademque
613 2176 660 2250 de
695 2173 886 2251 Clemente
926 2181 1110 2252 sententia
1149 2193 1218 2270 est,

142 2302 205 2398 qui
231 2322 345 2398 quum
370 2298 492 2389 idem,
529 2295 628 2396 quod
654 2297 739 2387 ille,
776 2296 985 2396 approbare
1011 2312 1218 2390 conaretur,
1257 2303 1260 2308 ’

141 2402 363 2495 veterrimos
404 2420 584 2493 Graeciae
623 2430 756 2518 poetas
798 2418 986 2492 Moesicae
1028 2416 1217 2492 doctrinae

141 2543 277 2615 notitia
302 2540 465 2615 imbutos
491 2540 624 2630 lirisse,
660 2561 737 2612 neu
769 2537 873 2612 aliud
906 2539 1126 2613 luculentius
1158 2563 1217 2612 re·

140 2664 264 2762 perire
297 2673 448 2762 poterat
481 2682 615 2736 causae
650 2681 740 2732 suae
772 2661 1066 2749 firmamentum,
1104 2681 1216 2756 quam

140 2806 294 2859 versum
322 2782 545 2872 secundum,
580 2782 640 2853 cui
666 2780 904 2854 Aristobulus
929 2800 1109 2879 perquem
1142 2782 1217 2853 cal·
1316 2843 1318 2848 .

139 2902 217 2977 lide
243 2905 334 3000 legis
362 2902 513 2979 divinae
540 2923 677 2976 nomen
710 2903 883 2991 inseruit,
922 2912 960 2974 et
984 2895 1216 2995 trigesimum

137 3037 284 3128 sextum
324 3048 367 3098 ac
402 3034 615 3122 sequentes,
666 3020 800 3119 quibus
843 3021 1010 3117 decalogi
1044 3020 1215 3095 conditor

138 3145 385 3243 praedicatur.
419 3142 523 3234 Ques
548 3165 680 3220 versos
707 3165 822 3241 quum
848 3143 1015 3216 omiserit
1031 3138 1214 3233 Clemens,
1249 3209 1253 3226 ,
1379 3161 1385 3172 ·

137 3267 328 3360 ignorasse
360 3264 629 3339 existimandus
664 3276 721 3337 cst
753 3263 843 3337 haec
875 3264 1123 3360 posteriorum
1149 3287 1215 3339 ve·

138 3395 344 3461 teratorum
377 3386 642 3460 additamenta.
695 3385 738 3457 ln
770 3387 985 3459 universum
1017 3385 1130 3480 igitur
1160 3385 1215 3457 sic

99 3573 101 3580 ,
139 3506 345 3596 contendo,
371 3505 583 3581 iustiniano
608 3505 817 3600 fragmento
844 3506 1011 3578 omnium
1038 3503 1219 3592 brevissi·¹

137 3646 203 3698 mo
228 3627 491 3724 primigeniam
516 3627 689 3703 carminis
712 3624 888 3723 Orphici,
914 3625 1035 3723 qualis
1061 3620 1212 3721 quidem

135 3743 212 3817 illis
239 3748 470 3846 temporibus
495 3748 586 3838 luit,
624 3745 787 3820 formam
820 3744 1107 3844 repraesentari3
1144 3763 1211 3814 no-

31 3923 38 3940 .
135 3886 210 3938 vae
234 3867 535 3968 interpolationis
568 3868 757 3966 specimen
790 3864 968 3966 praebere
1000 3863 1211 3961 exemplum

137 3981 358 4079 Clementis,
383 3986 485 4088 quod
509 3987 720 4062 iustiniano
747 3988 934 4086 copiosius
960 3997 1028 4072 est,
1066 3983 1209 4058 Aristo
