2917 4600
543 209 819 282 onrnrcrj
1043 308 1048 315 ·
1140 213 1216 290 500

93 431 99 451 .
145 382 403 476 calatonem.
471 381 621 456 Etenim
660 378 871 455 recordanti
903 385 998 457 milri
1027 388 1214 463 caurcium

143 503 370 596 magicorum
398 501 497 597 virg.
524 500 616 575 Aen.
642 499 705 574 IV.
732 498 818 574 510.
844 501 910 575 ubi
935 503 1038 583 Dido

228 640 405 700 Tercentum
425 650 509 701 cnut
530 660 581 699 oro
602 640 686 715 deor,
708 640 891 718 Erebumque
912 641 1064 722 Chaosque
1109 632 1113 643 ’
1198 640 1202 651 '

227 745 474 824 terge-lunone
496 742 629 805 Hecaten
656 776 692 791 -··
718 774 755 787 -

140 863 277 958 injecta
310 872 367 939 ott
396 861 591 956 cogitatio,
615 862 712 935 hunc
738 882 930 937 numerum
956 887 1026 961 pro
1051 864 1117 938 illo
1144 864 1212 939 Or·

140 984 270 1080 ulrico,
296 1004 406 1079 quern
432 983 748 1078 versonarum,
773 981 1030 1074 substitutum,
1055 1004 1212 1083 comque
1320 1020 1324 1025 ·

140 1103 334 1201 preprium
382 1102 497 1175 fuisse
539 1103 828 1177 cerimoniarum
872 1102 1209 1196 Adreronticarum,

140 1223 276 1322 ruribus
298 1222 536 1320 Orpheum
562 1221 793 1319 praefecit
817 1225 1023 1299 societas
1048 1226 1210 1322 impio·

140 1367 249 1417 rum.
281 1365 319 1416 v.
346 1342 386 1414 P.
411 1342 439 1414 l.
467 1338 560 1414 c.1.
588 1339 621 1439 ξ.
648 1343 684 1415 3.
717 1340 834 1440 Apud
859 1344 970 1420 ovio.
995 1344 1085 1421 Met.
1111 1344 1210 1419 XIV.

141 1464 228 1538 366.
255 1460 359 1535 Circe
385 1459 528 1537 verba
555 1460 771 1535 venefica
798 1462 1210 1562 dicitignotosque
1306 1530 1308 1536 .

142 1583 253 1658 deos
279 1585 441 1677 ignoto
469 1582 673 1655 carmine
698 1581 886 1674 adorat3
911 1586 974 1680 qui
994 1586 1074 1659 aine
1094 1581 1208 1657 dubio
1284 1564 1287 1567 ¹

140 1702 189 1777 ad
221 1703 325 1774 illam
363 1722 600 1775 numerosam
639 1700 795 1785 deorum
838 1705 1064 1798 magicorum
1101 1702 1210 1776 farni-

139 1826 231 1897 liam
256 1822 454 1920 pertinent
506 1822 626 1915 lgnoti
652 1836 775 1895 autem
802 1821 856 1894 dil
882 1822 1052 1897 dicontur
1073 1826 1209 1922 partim
1304 1872 1307 1879 -

140 1965 297 2042 quorum
328 1962 463 2015 nomen
490 1964 676 2040 genusque
702 1952 768 2014 ant
793 1964 983 2038 nunquam
1007 1946 1208 2017 memoriae

139 2061 329 2161 proditum
369 2070 433 2132 aut
474 2062 651 2159 temporis
692 2060 935 2134 diuturnitate
975 2062 1208 2136 obliteratum

124 2193 217 2273 -eot,
252 2194 294 2254 ut
324 2180 452 2257 multis
485 2181 525 2252 in
558 2179 649 2253 locis
674 2182 761 2257 θεοὶ
785 2183 951 2281 ἀγνῶτες
972 2184 1057 2257 ‚sive
1083 2186 1207 2284 ἄγνω-

72 2369 79 2378 .
142 2333 223 2381 στοι
255 2301 345 2374 culti
374 2310 473 2377 eunt.
502 2325 537 2376 v.
564 2298 721 2372 Sielrelie
747 2300 797 2372 ad
823 2301 928 2374 Pauo.
953 2303 981 2373 l.
1010 2303 1042 2373 l.
1067 2302 1103 2373 4.
1130 2303 1208 2397 qui-

62 2499 68 2506 ,
106 2501 109 2507 Δ
141 2446 213 2521 que
238 2424 277 2494 in
304 2442 498 2494 commune
524 2420 638 2493 Lares
664 2419 802 2510 vialee,
835 2421 1053 2519 compitalee
1079 2432 1117 2494 et
1143 2422 1207 2495 lro-
1332 2467 1346 2484 .-

140 2543 234 2618 etilii
258 2539 316 2636 (id
340 2551 408 2630 eet,
433 2542 473 2612 ni
497 2538 606 2616 fallor
630 2541 829 2638 potemini)
855 2554 1034 2616 vocantur
1043 2545 1098 2637 [⁰]‚
1124 2563 1207 2638 per-

142 2666 212 2740 tim
245 2683 338 2738 vero
364 2662 476 2738 etiem
501 2663 550 2750 ii,
576 2679 734 2757 quorum
759 2681 895 2734 nomen
921 2660 1144 2738 horrendum
1171 2673 1209 2734 et

142 2782 329 2860 ineffabile
368 2781 529 2878 celioque
567 2782 707 2856 rituum
747 2801 964 2857 arcanorum
1007 2782 1208 2856 cultoribus

141 2925 296 3000 gnarum
321 2900 501 2990 habetur,
521 2901 615 2975 eicut
640 2899 801 2975 Tiresiae
825 2901 926 2999 apud
952 2902 1112 2976 Statium
1140 2902 1163 2974 1.
1179 2928 1207 2976 c.

142 3022 343 3122 compellat
372 3021 529 3118 triplicia
561 3018 691 3096 mundi
724 3043 929 3113 summum,
972 3003 1084 3121 quern
1114 3025 1208 3096 scire

142 3144 346 3238 arefactum,
380 3150 417 3214 ot
452 3139 573 3220 Osidii
604 3139 739 3222 Medea
773 3167 808 3219 v.
841 3143 927 3218 334.
952 3167 1045 3242 voce
1071 3165 1208 3220 vocans

144 3262 309 3337 Hecaten
340 3271 378 3333 et
410 3282 487 3335 non
517 3262 761 3335 memorabile
793 3285 940 3336 numen.
1000 3261 1114 3359 Cujus
1146 3287 1206 3358 ge-

145 3384 242 3456 nerio
273 3382 532 3478 ignorabilium
567 3381 720 3455 deorum
755 3383 1029 3456 multitudinem
1061 3385 1102 3455 in
1129 3383 1207 3458 inli-

147 3503 266 3573 nitum
292 3506 395 3575 auxit
419 3504 613 3598 Magorum
638 3504 785 3576 vanitas
811 3506 965 3576 nomine
989 3503 1145 3576 barbara
1171 3515 1208 3574 et

147 3619 314 3694 inaudita
345 3621 393 3693 ad
427 3622 657 3698 credulorum
683 3632 873 3719 stuporem
900 3623 1207 3709 coacervandum,

219 3874 257 3943 [θ]
282 3872 329 3925 ste
348 3870 455 3940 Mopoue
479 3890 520 3942 ap.
544 3875 630 3927 Valer.
650 3875 736 3928 Flacc.
755 3876 802 3928 ΙΙΙ.
820 3871 881 3926 426.
900 3891 1031 3927 caecorum
1049 3891 1136 3925 manee
1153 3873 1209 3942 pla-

149 3941 416 4070 fflfft‘ugfwum
441 3943 584 3997 humiles
607 3961 704 4011 arao,
729 3944 921 4014 ignotaque
944 3945 1073 3998 nomina
1097 3943 1206 3996 divum
