2917 4600
526 279 800 335 oarn1cl.
1122 267 1197 341 773

126 437 237 510 minis
269 423 485 534 sanctitates
518 446 557 507 et
589 435 796 528 religiones.
849 430 925 506 Sed
955 433 1017 546 ab
1034 436 1104 511 boe
1135 461 1195 512 ex·

126 575 234 629 eursu
259 576 386 629 rursus
411 552 461 629 ad
487 552 744 652 Tritopatores
770 573 831 627 me
856 552 1023 628 referam.

598 757 631 857 p.
682 757 718 831 4.

227 911 376 984 Etenim
408 932 594 1009 unapars
620 848 953 1007 adexplieandum
980 923 1112 1020 restat,
1148 864 1195 986 (le

5 1039 6 1095 ξ
125 1032 318 1104 nominum
348 1030 517 1119 illorum,
552 1051 649 1128 quae
683 1029 854 1130 Orpbeus
880 1041 1077 1107 ventorum
1097 1034 1195 1128 jani-

126 1150 270 1224 toribus
301 1151 501 1247 imposuit,
518 1141 808 1245 *significatione
869 1148 1035 1240 Quorum
1060 1155 1094 1225 si
1119 1155 1194 1251 pri·
1250 1158 1267 1210 '·

126 1291 250 1359 mum,
282 1267 517 1357 Amicitiae,
551 1281 574 1342 a
599 1271 757 1344 malacia
782 1268 934 1345 ductum
958 1271 1115 1345 arbitrer
1139 1275 1192 1371 (v.

4 1429 7 1470 r
126 1388 248 1462 Voles.
281 1387 330 1462 ad
362 1387 542 1486 Hurpoer.
568 1414 604 1487 p.
633 1390 733 1484 122.)
769 1390 830 1466 vol
855 1389 1012 1465 alteram
1037 1394 1194 1489 scriptu·
1303 1375 1307 1384 ⁴

3 1546 7 1598 ς
126 1531 207 1582 ram
226 1501 496 1609 (Hamaolides)
516 1530 671 1606 sequens
689 1522 769 1584 tum
789 1510 860 1583 boc
879 1521 961 1583 tum
980 1515 1110 1586 esteris
1126 1534 1193 1585 no-

2 1669 5 1708 l
125 1628 288 1703 minibus
312 1629 539 1726 primivooos
565 1640 604 1701 et
621 1632 862 1728 primigenios
882 1617 1192 1727 quosdum‘signi-

2 1799 6 1813 ·
125 1749 227 1823 beari
260 1747 482 1843 conjectem,
516 1749 626 1822 nimis
660 1772 771 1847 quam
801 1770 951 1839 vereor,
976 1770 1025 1822 no
1049 1747 1090 1823 id
1114 1750 1192 1848 ple-

3 1903 4 1911 *
125 1870 248 1967 risque
279 1869 471 1943 bominum
496 1865 711 1942 'obsoletum
744 1882 943 1966 nostroque
976 1869 1100 1943 seculo
1124 1893 1189 1970 pa·

2 2026 3 2030 ¹
125 2010 208 2062 rum
242 1987 393 2084 (lignum
423 1985 604 2061 rideatur.
665 1986 752 2061 Alia
783 2010 880 2060 nune
913 1999 969 2061 est
1000 1988 1192 2064 literarum

124 2108 259 2196 facies,
284 2108 359 2181 alia
383 2107 561 2180 lectorum
586 2107 720 2203 palata.
773 2106 829 2179 Ao
854 2093 1019 2180 caeterae
1042 2104 1193 2205 quidem

1 2283 2 2307 i
128 2240 246 2318 artes,
291 2227 472 2301 cultorum
504 2226 645 2301 seilicet
675 2226 912 2323 negligentia,
946 2226 1066 2301 adhue
1098 2230 1193 2303 ami-
1284 2289 1289 2303 .

126 2348 208 2449 quis
247 2346 433 2420 radicibus
471 2345 618 2419 modioe
655 2346 824 2437 baarent3
864 2345 932 2420 sed
964 2347 1217 2456 mythologie

128 2478 207 2541 tum
240 2489 386 2565 semper
418 2465 561 2561 Libyae
592 2466 782 2541 simillima
806 2467 895 2557 brit,
922 2490 1015 2564 quae
1040 2467 1192 2562 singulis

127 2589 233 2681 annis
266 2584 407 2683 aliquid
436 2589 527 2662 novi
558 2589 714 2660 monstri
748 2610 878 2685 parere
902 2586 1037 2665 dicitur
1061 2586 1196 2682 graeeo

1 2794 2 2801 ἵ
126 2705 329 2807 prouerbio
351 2707 422 2785 Ἀεί
453 2738 489 2785 τι
521 2708 653 2786 καινὸν
677 2710 757 2785 κατ’
784 2708 957 2787 ἐνιαυτὸν
980 2706 1119 2806 θηρίον
1135 2706 1192 2783 τί-

125 2857 215 2918 κτει,
241 2839 320 2900 tum
345 2839 473 2900 nostra
498 2838 621 2901 aetate
644 2849 708 2900 eos
735 2849 950 2926 progressus
975 2828 1074 2916 feeit,
1099 2846 1191 2924 quos

125 2959 271 3024 veteres
303 2946 359 3019 illi
392 2948 501 3045 sopbi
526 2970 573 3020 ne
598 2949 808 3045 suspicione
833 2947 981 3047 quidem
1008 2959 1046 3020 et
1070 2946 1191 3041 conje-

16 3092 20 3103 ’
126 3079 230 3143 etura
254 3068 431 3162 attingere
455 3078 666 3165 potuerunt
701 3068 947 3167 Posteaquam
973 3069 1072 3141 enim
1097 3064 1205 3139 Aea--

126 3188 273 3262 (lamiae
293 3183 536 3262 Calecutanao
560 3209 710 3286 praeses
735 3184 983 3280 doctissimus,
1008 3185 1191 3290 Jonesius,

127 3330 210 3381 eum
236 3307 461 3381 Graecorum
485 3309 725 3403 mythologie,
751 3332 862 3406 quam
889 3306 1039 3407 quidem
1065 3330 1110 3381 ex
1128 3307 1191 3380 Li-

125 3426 169 3499 lii
195 3425 352 3519 Gyraldi
376 3440 607 3522 syntagmate
631 3450 672 3501 se
698 3420 870 3502 didirisse
894 3430 1108 3527 profitetur,
1133 3448 1190 3499 sa·

126 3565 208 3617 eras
231 3542 409 3620 Indorum
434 3545 579 3620 fabulas
605 3549 711 3620 miris
737 3546 861 3621 modis
887 3570 1085 3644 congruere
1103 3568 1190 3643 pro·

2 3662 8 3676 ’
125 3664 227 3739 fatus
252 3676 328 3767 est,
360 3667 450 3741 baec
482 3666 599 3740 veluti
630 3666 678 3738 de
703 3665 807 3739 eoelo
832 3668 946 3740 missa
971 3689 1047 3743 vox
1071 3664 1204 3738 homi-¹

126 3807 217 3858 num
248 3806 315 3859 ora
346 3807 390 3860 ae
420 3785 545 3862 studia
574 3787 629 3859 ita
659 3788 699 3859 in
731 3806 772 3858 se
806 3788 1006 3877 convertit,
1041 3796 1083 3858 ut
1110 3785 1188 3880 jam

126 3925 276 4017 omnes,
313 3908 376 4004 qui
415 3904 556 4006 aliquid
588 3907 757 4003 sapiunt,
793 3908 931 3983 omissa
965 3906 1190 3980 Graecorum

128 4026 452 4124 Romanorumque
493 4026 672 4102 librorum
712 4028 870 4103 lectione
902 4027 949 4102 ab
982 4028 1065 4102 unis
1097 4025 1191 4099 Pan-
