2917 4600
259 208 337 281 «ἢ
566 218 711 275 utnon
735 218 996 275 SECUNDUS.

164 442 167 449 ⁴
257 382 391 479 inopes
421 398 552 451 summ
584 386 903 471 arguentem,
941 386 984 451 ut
1007 396 1055 447 ne
1076 377 1328 471 'conjecturam

258 499 410 600 (pidem
441 497 571 572 adorto
600 497 811 595 nummos,
845 512 965 593 nsque
999 507 1077 571 tom
1109 498 1279 571 mmcd
1303 521 1329 571 a

258 618 453 708 minis,
479 630 523 692 nt
545 615 702 691 obrius
727 615 886 713 provebi
908 615 1029 689 limat
1071 617 1218 691 Etenim
1244 638 1327 691 vcr-

258 762 368 815 soum
402 738 669 837 Orpbicorum,
701 759 794 833 quos
826 735 1000 810 Proculus
1033 739 1240 833 metarique
1264 760 1326 810 ae·

258 860 424 960 qualium
450 857 546 931 benc
569 858 709 931 temtos
734 854 909 944 adruunt,
943 854 1043 953 apud
1068 868 1214 932 veteres
1240 860 1326 929 scri·

256 988 387 1079 ptores
410 978 536 1052 nuilus
560 977 710 1073 legion,
735 998 854 1073 neque
879 977 927 1050 ob
952 977 1020 1050 bac
1045 975 1196 1074 qnidcm
1222 986 1327 1072 parte

257 1096 460 1198 quidquam
494 1097 635 1187 obstat,
666 1098 864 1194 quominus
889 1107 1006 1171 totam
1031 1097 1135 1171 iilam
1160 1096 1326 1190 Theogo-

257 1223 359 1294 nism
391 1220 455 1295 vel
487 1240 512 1292 a
542 1216 743 1291 Platonicis
773 1219 867 1316 ipris
900 1217 960 1291 vel
992 1217 1119 1314 pacilo
1149 1228 1237 1290 ante
1261 1239 1325 1289 cos

257 1342 507 1440 compositam
544 1350 728 1437 pntemrss.
794 1336 970 1413 Atteruen
1002 1336 1104 1434 apud
1134 1337 1325 1411 Platonem

146 1456 149 1465 ’
257 1461 334 1534 duo
361 1461 531 1555 leguntur
557 1458 697 1556 Orpbei
722 1480 852 1533 versus
878 1457 926 1529 de
949 1456 1086 1531 oceani
1111 1457 1325 1548 eti'etbyos

258 1581 401 1679 nuptiis
428 1602 464 1656 v.
491 1576 524 1675 ᾧ.
543 1578 602 1651 12.
626 1600 719 1676 quos
744 1600 855 1651 nmio
870 1577 1104 1672 Theogoniae
1117 1577 1324 1651 adscribere

258 1698 499 1775 cunctabitur.
558 1696 686 1795 Neque
724 1699 796 1771 boc
827 1700 974 1771 unicum
1009 1711 1066 1773 cst
1097 1698 1270 1771 carminis
1301 1719 1326 1768 a

108 1856 112 1865 v
258 1821 414 1894 Pictoue
445 1817 533 1892 lecti
564 1815 753 1890 indicimn
814 1818 910 1892 Nam
937 1829 1084 1914 praeter
1109 1816 1183 1889 alia
1207 1816 1324 1909 Lyco·

257 1940 354 2038 pbro
379 1961 507 2034 augrus,
535 1959 643 2035 quem
668 1935 770 2010 idem
795 1938 835 2010 in
860 1936 1128 2035 Eutbypbronc
1153 1959 1236 2009 com
1257 1936 1322 2007 So-

259 2071 359 2134 crate
386 2057 625 2132 disserentem
651 2056 811 2147 inducit,
844 2059 961 2155 impio
987 2059 1105 2154 patris
1131 2054 1324 2130 accusandi

185 2198 187 2203 ’
258 2179 412 2255 consilio
444 2178 598 2252 deorum
633 2179 909 2267 auctoritatem,
940 2174 1046 2252 Jovis
1079 2178 1263 2274 imprimis
1288 2187 1325 2247 et

259 2303 429 2390 Saturni,
453 2295 682 2399 praetendit,
707 2318 864 2395 quorum
891 2296 983 2371 aiter
1008 2310 1151 2395 patrem
1177 2322 1324 2371 exsecu-
1384 2286 1386 2295 ’

260 2425 343 2510 crit,
369 2422 462 2494 altor
486 2421 528 2494 in
552 2417 749 2492 Tartarum
775 2415 960 2512 abjecerit,
986 2418 1201 2516 Socratique
1215 2441 1325 2517 quae-

259 2542 357 2613 renti
383 2536 562 2635 numquid
588 2561 737 2628 eorum,
764 2560 858 2636 quac
883 2537 931 2611 de
957 2536 1111 2611 deorum
1131 2539 1325 2614 discordiis

260 2671 299 2731 et
340 2657 600 2732 certaminibus
633 2682 657 2732 a
689 2660 810 2757 poetis
843 2657 917 2731 dici
948 2668 986 2730 ct
1017 2660 1058 2758 in
1089 2663 1202 2734 sacris
1231 2662 1325 2758 ipsis

156 2815 159 2828 ·
262 2779 385 2874 effingi
410 2777 565 2869 soleant,
590 2776 664 2852 tide
689 2778 841 2874 dignum
867 2778 989 2866 ducat,
1014 2778 1078 2851 ifle
1103 2802 1179 2852 non
1204 2777 1325 2851 solum

261 2898 352 2972 hacc
383 2896 456 2998 sibi
485 2900 684 2972 verissima
716 2898 837 2974 videri
868 2900 1081 2999 profitetur,
1113 2896 1180 2971 sed
1211 2898 1325 2970 etiam

260 3018 335 3091 alia
359 3020 552 3107 atrociora,
578 3041 671 3117 qnae
695 3022 821 3114 ignota
846 3021 1031 3118 plerisque
1047 3017 1216 3093 Socrates
1231 3021 1326 3115 ipse,

129 3143 142 3152 “
259 3141 292 3210 si
317 3137 522 3226 audiverit,
556 3139 795 3213 vehementer
819 3142 869 3212 sit
894 3139 1140 3212 admiraturus
1161 3163 1197 3236 p.
1222 3138 1258 3212 6.
1284 3137 1325 3210 B.

261 3281 291 3330 c.
318 3257 379 3331 VL
414 3254 524 3347 Quod
559 3260 683 3330 nescio
708 3258 800 3356 quid
825 3282 906 3333 esse
930 3262 1050 3356 possit
1075 3260 1147 3332 nisi
1174 3258 1325 3330 Saturni

260 3379 431 3466 exsectio,
458 3376 586 3474 Zagrei
611 3380 818 3452 interfectio
845 3380 1075 3477 aliorumque
1101 3361 1255 3450 deorum
1271 3378 1325 3449 fa-

260 3497 386 3569 cinora
418 3496 458 3568 in
491 3496 712 3570 carminibus
749 3499 920 3597 Orphicis
954 3521 1021 3571 nec
1054 3520 1208 3597 mquam
1235 3497 1325 3569 alibi

261 3614 409 3687 tradita
442 3615 493 3688 Et
517 3616 611 3691 banc
635 3621 741 3715 quasi
767 3617 948 3692 officinam
975 3620 1090 3692 fuisse
1115 3617 1324 3691 fabularum

260 3733 493 3808 abnormiom
544 3747 582 3808 et
628 3751 964 3827 monstruosorum,
1012 3739 1145 3813 clarius
1186 3738 1327 3812 indicat

260 3854 439 3927 Isocrates
472 3856 601 3950 Pancg.
636 3883 664 3930 c.
689 3857 789 3932 XVI.
815 3859 900 3932 379.
935 3859 1104 3933 Poetae
1130 3858 1325 3956 quidem,

263 3974 401 4068 inquit,
452 3979 529 4072 qui
568 3981 802 4081 servitia,
843 3981 968 4053 furta
1008 3992 1050 4053 et
1084 3977 1328 4054 adulteria
