2917 4600
277 199 329 276 82
479 215 480 218 ‘
633 195 779 268 trono
804 209 991 268 rursus.

279 369 395 444 sisise
429 363 634 440 dedurlslee
672 367 888 463 imaginem,
910 366 1101 467 praebuit,
1140 366 1354 442 existimus

190 527 194 537 ·
278 509 494 590 possumus,
529 495 666 584 quento
698 485 946 562 multitudinis
977 485 1206 581 indignatio,
1236 508 1353 585 quus·

261 621 340 686 -tus
381 608 562 684 tumulus
601 621 751 682 exortus
783 606 914 698 luerit,
951 629 1067 707 quum
1096 609 1353 688 cannosum

226 717 228 720 ¹
279 727 499 804 cerimonias
524 727 734 800 imitatione
759 731 905 802 scenice
930 727 1121 824 profanari
1140 723 1352 829 videret[¹].

279 843 343 923 Sic
367 844 414 919 de
438 846 515 918 suis
542 846 772 943 temporibus
797 857 923 922 narrat
947 845 1091 921 Pinetlo
1120 848 1161 921 in
1186 845 1351 924 Brevier.

278 964 427 1040 Auctor.
461 961 511 1038 sd
544 962 719 1060 Steplssn
751 986 790 1060 p.
820 961 908 1033 753.
940 959 975 1032 b.
1008 961 1204 1050 „Poetae
1237 966 1351 1039 Itali

164 1157 166 1160 ,
278 1081 470 1173 ,comici
511 1093 556 1152 et
596 1081 768 1174 tragici
807 1101 899 1153 non
940 1077 1111 1153 audent
1151 1102 1352 1154 summos

154 3526 159 3532 ,
285 3471 408 3539 gosdis
430 3471 554 3543 Euripi

278 1199 565 1298 „pontifices
606 1200 654 1271 in
685 1201 784 1272 sois
819 1197 1000 1272 fabulis
1034 1197 1350 1289 introducere,
1392 1201 1401 1226 ⁶

238 1349 242 1354 ·
279 1342 440 1419 „quum
474 1339 605 1411 reges
632 1326 677 1422 et
701 1309 1011 1415 imperaturos
1036 1317 1350 1392 introducent.

279 1440 413 1535 „Nem
438 1458 570 1535 quum
597 1435 644 1510 id
668 1436 865 1513 fecisset
890 1447 1032 1536 poeta
1052 1436 1238 1533 quidem
1255 1439 1349 1533 jus·

279 1581 357 1649 „su
380 1556 643 1655 pontificio
668 1559 911 1657 supplicio
937 1555 1141 1630 effectus
1166 1557 1269 1647 fuit,
1295 1581 1350 1631 ne

278 1677 516 1772 „dignitas
562 1677 823 1774 pontificia
867 1674 1206 1774 quodammodo
1257 1680 1350 1752 evi-

278 1798 539 1888 „lesceret“
601 1794 729 1894 Nemse
760 1794 906 1870 invius
930 1795 1350 1896 oemcruntSclsillsrus

280 1928 318 1991 et
355 1913 574 2005 wernerus,
614 1915 878 1989 ecclesiastices
916 1916 1135 1988 serimeniss
1162 1918 1205 1989 in
1238 1938 1351 1991 scens

280 2045 516 2111 ostentantem
562 2033 671 2123 Quod
697 2047 824 2108 sutem
850 2035 895 2107 G.
920 2033 1108 2132 Houptiss
1132 2038 1174 2108 in
1199 2034 1350 2124 Queat.

279 2154 452 2247 Aeschyl.
484 2179 521 2255 p.
547 2153 609 2229 59.
643 2151 821 2245 affirmet,
854 2153 898 2226 id
922 2154 1022 2250 quod
1046 2153 1162 2228 modo
1187 2154 1349 2230 diximus

279 2273 492 2353 Aristotelis
533 2276 725 2373 omnisque
767 2274 998 2373 antiquitatis
1027 2275 1249 2349 testimoniis
1282 2275 1350 2350 ed·

278 2398 441 2485 versari,
487 2396 659 2493 quibus·
699 2395 981 2488 Aeschylum
1033 2416 1124 2466 non
1170 2395 1348 2471 ritibus

278 2516 618 2611 mysteriorum
652 2517 954 2588 sanctitatem
988 2514 1068 2587 sed
1094 2513 1235 2588 dietis
1259 2517 1350 2590 lee-
1445 2566 1449 2572 ,

279 2638 397 2709 sisse
438 2644 642 2722 constet,
674 2632 716 2706 id
750 2634 908 2707 multum
943 2633 1049 2706 abest
1073 2647 1114 2706 ut
1139 2634 1349 2710 comedam.

280 2754 499 2830 Aristoteles
540 2750 646 2825 dicit:
689 2749 764 2840 Qui
800 2753 996 2826 inscienter
1021 2754 1110 2847 ¹ogit
1149 2798 1200 2810 -
1239 2758 1260 2833 ὅ
1298 2756 1349 2832 δι’

281 2879 441 2978 ἄγνοιαν
472 2868 647 2970 πράττων
671 2914 724 2928 -—
748 2883 875 2969 potest
897 2895 938 2945 se
961 2894 1137 2970 purgare,
1171 2874 1205 2946 si
1229 2876 1269 2946 in
1293 2873 1350 2947 lo-

282 2991 429 3093 quendo
454 3014 494 3065 se
519 2990 665 3089 lapsum
690 2988 801 3081 dicet,
827 3003 894 3065 aut
917 2993 952 3066 si
975 2993 1159 3065 inscitiam
1182 3007 1351 3068 excruetz

281 3112 307 3209 ἢ
340 3113 409 3190 οὐκ
439 3111 576 3189 εἰδέναι
606 3112 664 3187 ὅτι
695 3110 884 3211 ἆπόρῤητα
913 3110 980 3210 ἦν,
1014 3113 1130 3213 ὥςπερ
1162 3113 1350 3211 Αἰσχύλος

284 3231 330 3307 τὰ
360 3219 522 3331 μυστικά
537 3229 596 3331 [Ἴ.
628 3231 785 3305 Minime
817 3232 882 3305 ille
914 3231 962 3304 de
994 3233 1232 3304 excusatione
1258 3232 1350 3308 dicti

355 3397 395 3471 [l]
414 3401 515 3456 Seneca
535 3403 587 3524 Ep.
605 3401 686 3456 CXV.
712 3404 815 3466 Quum
841 3399 1211 3456 hinovissimlversns
1228 3402 1261 3456 ln
1278 3412 1350 3457 trs·

583 3473 613 3526 is
637 3473 866 3542 (Bellerophonte)
890 3472 1122 3542 pronuntiati
1144 3481 1278 3539 essent,
1295 3481 1349 3527 te-

285 3548 340 3593 tus
362 3542 505 3611 populus
531 3542 571 3594 etl
593 3542 798 3610 ejiciendum
823 3550 857 3595 ct
880 3549 1029 3595 actorem
1053 3548 1087 3593 et
1111 3559 1246 3596 carmen
1269 3560 1349 3597 ecn-

286 3613 447 3664 surrexit
463 3629 524 3664 uno
541 3613 681 3684 impetu.

355 3678 392 3750 [l]
411 3679 455 3734 Ex
472 3682 521 3733 hoc
537 3698 601 3734 sene
616 3681 705 3751 colligi
720 3698 798 3750 posse
815 3680 934 3744 videtur,
953 3679 1021 3748 quod
1039 3678 1157 3732 Clemens
1173 3681 1273 3735 directe
1289 3690 1350 3736 trs-

285 3748 341 3816 dit,
362 3751 518 3820 Aeschylum
534 3768 585 3803 nos
601 3751 681 3805 fuisse
697 3752 836 3804 initietuur.
870 3750 938 3802 Nem
955 3755 984 3799 ot
1002 3750 1138 3803 concedam
1156 3750 1294 3805 Wclckerc
1312 3753 1349 3807 de

284 3819 360 3872 'l'rilo
379 3861 387 3877 .
411 3839 437 3892 p.
456 3821 516 3874 107.
533 3839 571 3891 sq.
597 3839 648 3875 uon
664 3820 755 3876 esicus
772 3819 888 3873 omnibus
911 3817 1059 3886 spectacula
1076 3820 1193 3874 exhibitu
1209 3838 1347 3893 esse-qno

283 3889 327 3942 rel
391 3899 477 3960 potest
493 3890 609 3946 Stoenos
624 3891 795 3945 testimonium
805 3890 912 3952 Qnsest.
929 3887 993 3940 Not.
1010 3886 1071 3939 vn.
1088 3887 1131 3942 st.
1148 3891 1221 3943 Non
1238 3894 1348 3947 semel

283 3959 443 4027 qussdsss
466 3977 565 4015 sscrs
590 3963 791 4023 creduntur,
817 3961 935 4009 servat
951 3955 1104 4027 Eleusis,
1122 3958 1210 4027 quod
1227 3969 1347 4016 osten·
