2917 4600
547 236 822 292 onumen.
1145 226 1218 300 381

147 398 267 485 tinus,
293 392 362 467 sed
387 391 616 468 Jambliohus
642 394 777 492 aliquis
803 405 868 467 aut
888 394 1064 473 Proculus
1090 400 1222 499 aliquis

146 516 321 591 carminis
350 525 484 589 auctor
515 514 747 613 proderetur.
798 514 920 589 Multo
952 531 1119 616 praestat
1149 522 1220 596 Fa-

115 705 118 710 .
146 634 265 708 brioii·
286 636 497 733 oonjeotura
529 636 600 709 hue
631 635 825 709 referentis
850 636 1062 713 Aristotelis
1082 641 1222 717 iocum

148 755 196 827 de
222 756 355 829 Gener.
381 755 505 831 Anim.
531 756 577 830 Π.
608 755 640 829 l.
666 756 754 830 613.
780 753 821 829 C.
858 759 881 856 ἦ
906 760 982 863 γὰρ
1013 759 1138 839 πάντα
1162 765 1222 867 yi-

64 880 68 886 ’
147 906 253 955 νοται
275 878 325 953 τὰ
350 876 466 979 μόρια
493 879 517 977 ἢ
544 878 690 979 ἐφεξῆς,
724 874 843 978 ὥςπερ
870 882 912 955 ἐν
935 887 1025 966 τοῖς,
1039 887 1222 983 καλουμέ-

148 1028 228 1083 νοις
247 1000 445 1099 Ὀρφικοῖς
472 1002 612 1076 ἔπεσιν·
654 1001 729 1073 ἐκεῖ
758 997 832 1099 γὰρ
866 999 1005 1099 ὁμοίως
1039 1004 1132 1104 φησί
1162 1006 1221 1108 yt-

147 1124 313 1224 γνεσθαι
335 1121 379 1196 τὸ
407 1122 505 1212 ζῶον
535 1129 582 1217 τῇ
613 1127 683 1195 τοῦ
708 1115 864 1196 δικτύου
896 1131 1023 1220 πλοκῇ.
1075 1125 1221 1219 Diony·

148 1242 195 1312 sii
221 1239 436 1335 'Aegeensis
486 1238 582 1312 liber
622 1237 816 1315 Δικτοακοί
866 1241 1065 1338 inscriptus
1116 1244 1221 1319 Phor.

150 1350 369 1433 CLXXXV.
410 1386 447 1460 p.
481 1359 580 1435 ‘zltt
611 1360 684 1432 fuit
724 1358 772 1431 de
812 1365 1048 1455 generatione
1098 1364 1221 1438 horni-

150 1503 240 1554 num
250 1478 322 1580 [¹¹].
373 1476 480 1555 Plato
503 1484 587 1578 ipse
612 1480 708 1554 Tim.
742 1504 779 1577 p.
809 1480 918 1554 1079.
953 1480 997 1553 F.
1034 1483 1082 1556 de
1108 1507 1222 1560 vena-

151 1622 255 1691 rum,
287 1604 526 1691 arteriarum,
557 1624 760 1678 nervorum
786 1613 960 1675 contextu
987 1603 1159 1703 loquens,
1200 1608 1221 1683 ὃ

150 1722 199 1819 ὃν)
224 1721 510 1823 προςεικάζομεν
533 1734 589 1824 τῷ
612 1733 682 1800 τοῦ
706 1719 847 1820 κύρτου
873 1726 1070 1829 κλέμματι·
1104 1738 1146 1798 ot
1169 1726 1220 1800 Μ.

148 1841 361 1917 Antoninus
394 1845 439 1916 ΙΙ.
481 1846 517 1916 2
568 1844 662 1917 hane
713 1844 950 1929 artifieiofflnr
1001 1859 1222 1921 structuram

150 1962 416 2065 κροκύιμοιντον
454 1976 492 2037 et
531 1962 758 2069 πλεγμάτων
792 1977 912 2045 vocat.
975 1965 1083 2041 Nilus
1116 1967 1222 2040 Phor.

152 2083 383 2160 CCLXXVI.
408 2087 495 2160 838.
534 2086 650 2159 fetum
683 2088 723 2158 in
756 2098 863 2158 utero
894 2088 982 2180 fingi
1014 2089 1068 2160 ait
1098 2100 1141 2160 ut
1165 2090 1223 2187 pi-

151 2221 295 2281 cturam
320 2208 359 2279 in
386 2209 517 2296 textili,
543 2209 586 2284 τὸ
604 2207 698 2307 οἶμα
723 2207 806 2283 οἷον
831 2204 973 2300 eserieie
994 2238 1051 2292 τις
1075 2207 1223 2285 ὑπόκει-

154 2359 217 2405 ται
237 2338 283 2426 τῇ
298 2342 444 2431 μορφῇ·
473 2352 585 2427 quanr
611 2326 892 2401 similitudinem
912 2322 1099 2400 suh‘tiliter
1120 2351 1224 2402 exse-

155 2460 316 2547 quuntur
346 2449 558 2549 Nymphaei
590 2449 791 2521 Ithacensis
829 2460 867 2520 et
901 2447 999 2521 telae
1031 2448 1223 2549 Nympha-

152 2593 236 2643 rum
262 2583 493 2644 enarratores
518 2568 725 2664 symboliei.
776 2569 1006 2665 Porphyrius
1032 2569 1079 2643 de
1104 2570 1151 2647 Α.
1177 2571 1221 2646 Ν.

153 2691 253 2766 XIV.
290 2693 347 2765 14.
391 2703 429 2763 et
461 2689 647 2765 Johannes
687 2689 1013 2788 Protospatharius
1053 2690 1102 2764 ad
1136 2691 1222 2764 Hes.

155 2813 252 2913 opp.
266 2836 303 2888 v.
318 2815 406 2885 777.
426 2812 497 2909 τὴν
511 2812 628 2913 φύσιν
638 2813 804 2911 Ὅμηρος
817 2819 980 2915 γυναῖκα
996 2814 1101 2916 λέγει,
1117 2814 1223 2890 ἱστὸν

138 2935 224 3034 ,μὲν
248 2932 489 3035 ὑφαίνουσαν
515 2929 785 3034 ἄλιπορφύροις
809 2930 963 3031 νήμασι,
990 2932 1038 3008 τὰ
1063 2932 1222 3032 ἡμέτεροι

152 3054 310 3156 σώματα
335 3062 412 3140 τοῖς
438 3059 569 3155 αλμοσι
600 3062 678 3139 τοῖς
710 3057 907 3154 ἐρυθροῖς,
940 3053 999 3128 ἐπὶ
1023 3052 1224 3156 ἐργαλείων

150 3177 193 3253 δὲ
226 3175 477 3276 μορμορίνιον
509 3185 588 3253 τῶν
622 3178 747 3252 ὀστῶν
780 3186 846 3246 ete.
904 3172 1137 3271 Hippolytus
1176 3172 1224 3245 de

110 3285 121 3387 ,¹
151 3297 317 3372 Antiohr'.
331 3294 395 3369 lli.
416 3296 452 3369 θ.
478 3295 589 3369 Febr.
615 3294 781 3394 στήμων,
807 3291 941 3396 κρόκη,
967 3294 990 3390 ἡ
1017 3294 1112 3394 σὰρξ
1137 3298 1223 3372 ἐνυ-

226 3545 283 3617 [kk]
302 3548 381 3602 Aliud
404 3556 583 3618 argumentum
597 3546 659 3631 ‘suit
681 3546 758 3608 libri,
783 3545 817 3598 de
842 3561 894 3614 quo
917 3543 1073 3630 &pothino
1096 3560 1125 3628 p.
1145 3541 1222 3595 1196.

151 3615 196 3672 46.
221 3620 327 3686 ζηλοῦσι
343 3619 374 3675 τὸ
393 3619 424 3674 ot
440 3624 548 3676 λωσσον
565 3619 683 3690 μαλιστα
701 3620 728 3671 oi
746 3617 924 3682 διαλλκτικοὶ,
944 3635 981 3675 ως
997 3618 1043 3668 καλ
1061 3620 1159 3678 Ζσνιον
1176 3616 1224 3665 καὶ

151 3691 179 3743 οἱ
196 3689 334 3760 ἐφεκτικοὶ
352 3693 399 3744 καλ
416 3641 440 3745 ci
448 3690 482 3746 ais
500 3685 639 3745 Δικιυακὰ
654 3683 817 3760 μελετήσας,
842 3677 881 3740 ὧν
899 3684 1050 3746 exonerari
1068 3683 1221 3768 inseclue-

149 3777 186 3814 να
209 3757 432 3830 κατασκευάζειν,
451 3758 510 3818 οἷον
527 3756 720 3816 honorianis
737 3763 902 3828 πυρέττοντα
919 3754 965 3809 διὰ
983 3753 1017 3808 τὰ
1033 3757 1080 3807 καὶ
1104 3772 1153 3820 το,
1176 3757 1223 3806 καλ

149 3827 234 3884 πάλιν
257 3830 297 3904 μὴ
321 3837 451 3887 λοσστέον
473 3831 522 3886 διὰ
545 3830 579 3885 τὰ
597 3833 644 3883 καὶ
660 3825 702 3883 τά.
739 3829 815 3882 Talis
833 3828 898 3881 liber
916 3826 1018 3878 Gobari
1036 3842 1053 3876 a
1070 3824 1164 3875 Photio
1183 3823 1222 3875 le-

149 3907 209 3954 ntus
234 3902 371 3956 ccxxn.
389 3902 450 3956 470.
481 3904 509 3955 in
528 3917 580 3973 quo
597 3902 669 3954 dieto
685 3901 794 3953 Petrum
812 3898 951 3952 contrariis
968 3894 1148 3956 resolvuntur3
1167 3893 1222 3946 Fa-

114 4019 117 4022 .
148 3972 248 4026 hrioius
265 3973 335 4028 Bibl.
355 3974 391 4027 T.
409 3972 444 4026 X.
461 3973 522 4026 731.
540 3972 608 4026 falso
625 3970 728 4025 titulum
747 3972 786 4023 oie
802 3970 1005 4038 interpretetur,
1024 3965 1099 4033 qussi
1115 3965 1161 4018 ifle
1174 3983 1221 4018 ro·

147 4043 228 4096 luerit
245 4044 357 4097 lectores
373 4044 477 4097 irretire
495 4043 633 4097 contrariis
651 4041 803 4094 rationibus.
925 4079 936 4110 Ι
