2917 4600
535 231 810 286 unsaros.
1129 214 1208 295 435

131 391 327 465 Minervae
352 386 453 462 (lim
480 389 652 477 tertium,
686 389 775 484 quia
798 387 1056 465 Panathenaea
1079 415 1207 469 mense

130 508 478 599 Hanunmbaeone,
506 521 551 582 ut
575 507 753 581 Proculus
776 494 889 599 llicit,
915 521 960 608 τῇ
987 513 1094 611 τρίτῃ
1120 517 1207 591 ἄπο·

52 704 54 711 ,
131 631 244 718 όντος
267 623 641 727 immmbnmur[']‚
667 644 902 727 quapropter
914 642 1049 730 μηνῶν
1066 634 1207 733 φθινά-

133 754 196 839 δος
221 753 356 852 ἡμέραι
382 749 469 823 buin
495 747 587 822 (leae
613 771 741 822 sacrae
762 762 944 824 vocantur
958 752 1047 825 Eur.
1061 752 1207 827 Heracl.
1298 834 1303 846 ,

132 856 221 946 779.
272 870 618 945 Panathenaeornm
645 881 771 942 autem
799 868 878 943 dies
905 874 1121 971 principalis
1149 873 1208 947 di·

134 994 229 1066 citur
263 994 461 1078 Γενέθλιος
490 995 654 1087 Ἀθηνᾶς
685 987 819 1062 Athen.
845 992 910 1063 ΠΙ.
942 992 1003 1066 98.
1037 993 1079 1065 Β.
1112 996 1209 1067 sicut
1358 1016 1362 1025 ·

134 1112 301 1186 Vestalis
327 1112 473 1215 morlog
507 1098 789 1211 Πρυτανίτιδος
819 1113 994 1215 γενέθλια
1026 1113 1089 1187 lv.
1124 1112 1207 1187 150.
1301 1078 1321 1139 '¹

132 1233 181 1306 D.
233 1233 382 1307 Dianae
406 1232 589 1305 solemnia
622 1232 798 1335 γενέθλια
828 1233 1038 1333 Ἀρτέμιδος
1062 1235 1207 1310 Arrian.
1337 1262 1339 1275 ·

135 1351 182 1425 de
208 1351 339 1425 Venat
366 1376 395 1424 c
420 1351 595 1425 XXXIV.
621 1362 659 1423 et
683 1351 856 1424 similiter
887 1365 1093 1426 ceterorum
1121 1353 1209 1428 (leo-
1334 1400 1342 1413 ·

135 1494 220 1546 rum
247 1471 327 1545 dies
352 1472 495 1546 natales
528 1494 553 1545 a
586 1471 737 1544 Graecis
771 1470 975 1545 celebratos
1008 1494 1089 1545 esse
1123 1495 1208 1545 con-

135 1589 239 1665 tendi
264 1602 407 1688 potest,
449 1613 660 1689 quanquam
693 1590 833 1664 indicia
863 1610 932 1664 uec
963 1591 1090 1664 crebra
1122 1603 1209 1665 sunt

133 1733 203 1783 nec
236 1723 386 1808 repertu
421 1711 555 1784 facilia
606 1709 819 1783 Alexander
850 1710 1016 1808 Aphrod.
1049 1708 1098 1783 acl
1129 1711 1208 1783 Me-

135 1831 238 1929 taph.
262 1829 306 1902 L.
332 1830 416 1904 Xll.
443 1831 504 1905 36.
531 1856 568 1931 p.
598 1830 680 1906 ltu.
707 1831 743 1904 b.
771 1832 866 1905 viri
890 1832 1135 1928 sapientes
1157 1873 1208 1887 -

135 1961 400 2024 conventus
434 1963 478 2024 et
510 1952 919 2025 commissationes
954 1952 1208 2023 instituere

134 2071 378 2160 volentes,
404 2071 592 2144 fabulas
620 2072 869 2144 commenti
895 2080 1021 2158 sunt,
1047 2067 1207 2145 lovem
1299 2058 1302 2063 ’

134 2189 347 2288 exempli
374 2213 514 2266 causa
539 2215 592 2264 ex
616 2192 742 2263 Rhea
767 2188 907 2261 hodie
933 2190 1083 2261 luisse
1108 2212 1207 2285 pro-

134 2312 352 2405 genitum·
374 2334 426 2385 ac
457 2311 639 2386 idcirco
674 2312 800 2409 pium
835 2333 935 2383 asse
968 2319 1019 2379 ut
1052 2329 1208 2379 ornnes
1238 2355 1240 2358 -

71 2434 77 2443 '
135 2433 428 2507 conveniant
464 2430 630 2530 deique
667 2432 870 2505 natalem
912 2428 1033 2502 diem
1070 2439 1209 2522 agant

9 2640 16 2651 .
135 2563 276 2648 atque
302 2553 444 2628 simul
472 2553 739 2654 epulentur.
766 2552 907 2624 Statius
934 2548 1048 2624 Theb.
1074 2550 1119 2621 ll.
1145 2547 1207 2620 71.

135 2671 332 2745 Thebanos
357 2684 485 2745 namet
502 2672 635 2746 Bacchi
663 2671 763 2744 diem
790 2671 952 2744 natalem
980 2670 1117 2743 lesurm
1144 2670 1207 2741 ha

135 2790 274 2866 buissat
315 2807 422 2866 tunc
455 2792 582 2866 forta
616 2791 717 2865 dies
750 2805 859 2864 noto
899 2793 1085 2884 signata
1120 2788 1207 2862 To·

134 2913 292 2984 nantis
312 2911 526 3001 fulmina,
553 2935 687 3011 quum
711 2925 774 3002 te,
801 2912 1082 2999 tenerEuic‚
1108 2932 1206 3008 pnr-

53 3025 62 3041 '
135 3043 211 3105 tus
251 3034 560 3105 transmisere
596 3035 754 3131 patri3¹
780 3031 938 3126 Tyriis
977 3053 1030 3103 ea
1068 3051 1207 3103 causa

137 3151 323 3225 colonis
348 3153 602 3227 insomnem
630 3151 740 3226 ludo
767 3154 984 3227 certatim
1012 3150 1208 3224 educere

135 3284 318 3345 noctem
345 3287 573 3348 suaserat
624 3275 687 3348 De
702 3275 873 3348 Minerva
888 3272 988 3344 lllela
1013 3274 1040 3343 l.
1066 3274 1102 3344 7.
1128 3292 1208 3369 pa-

138 3392 211 3466 lus
247 3391 481 3482 Tritonis,
520 3394 641 3468 unde
679 3382 920 3468 Minervae
959 3413 1206 3486 cognomen

133 3509 338 3586 inditum
367 3493 455 3604 cst,
492 3525 541 3587 ut
574 3516 762 3588 incolae
794 3510 1110 3600 arbitrantur,
1141 3508 1207 3581 ibi

134 3633 341 3728 genitam
366 3633 640 3733 faciuntque
666 3633 873 3730 aliquam
896 3630 1060 3719 fidem,
1087 3624 1208 3726 quod

133 3775 266 3849 quem
300 3755 504 3829 natalem
540 3756 641 3851 ejus
675 3765 842 3852 putant
874 3749 1077 3824 ludicris
1110 3748 1206 3822 vir-

132 3875 290 3969 ginum
325 3874 584 3967 celebrent3
620 3897 713 3973 quos
747 3871 857 3947 ludos
882 3868 1098 3945 Herodotus
1133 3889 1207 3939 nan
1263 3953 1267 3964 ⁴

194 4022 245 4093 ·[¹’]
263 4043 288 4076 r.
308 4025 433 4079 harcher.
451 4026 486 4078 nd
502 4027 602 4080 Herod.
621 4028 653 4078 V.
673 4025 714 4078 ⁵6.
733 4043 758 4095 p.
777 4024 836 4077 251.
856 4023 891 4075 T.
909 4022 956 4075 IV.

345 4139 348 4150 2
765 4108 768 4114 ’
912 4109 963 4182 ²8
990 4111 1011 4161 *
