2917 4600
265 189 316 265 to
619 200 764 258 arnan
788 186 978 256 taraus.
1044 195 1047 201 ’

265 362 470 436 communis
495 381 578 437 mos
601 382 801 435 sacrorum.
816 371 906 434 erat
932 356 1037 449 Quae
1060 367 1189 435 autem
1204 367 1344 457 quarto

264 482 347 556 loco
373 493 681 555 commemoratur
702 501 861 554 coronae
877 478 1071 576 impositio
1091 489 1130 552 et
1147 488 1337 553 sacrorum

265 624 349 675 cum
375 601 460 675 aliis
485 578 787 691 communicatio,
819 622 866 674 ea
890 619 982 674 vero
1008 599 1255 673 certissimum
1279 621 1337 672 ar·

263 728 478 817 gumentum
503 720 660 821 praebet
672 721 862 795 Tlreonem
887 741 962 793 non
988 715 1036 790 de
1049 717 1251 793 Eleusiniis
1269 715 1337 791 sed

264 839 311 914 de
336 841 493 939 privatis
511 840 614 938 loqui
633 842 833 936 mysteriis,
859 860 1016 938 quorum
1036 839 1221 912 antistites
1247 838 1337 912 titu-

95 998 104 1005 -
262 959 341 1033 lum
361 971 399 1033 et
419 962 548 1034 munia
563 960 905 1059 Hierophantarum
921 969 958 1032 et
972 953 1238 1047 Daduclrorum
1250 979 1337 1033 con·

262 1078 359 1152 ferre
382 1090 557 1178 poteraut
580 1080 713 1179 quibus
740 1078 979 1154 commodum
1003 1075 1215 1170 videretur,
1241 1078 1337 1151 sicut

262 1198 374 1275 hodie
400 1198 618 1298 Superiores
643 1202 707 1299 qui
733 1199 904 1274 dicuntur
928 1198 969 1301 iu
993 1198 1183 1290 mysteriis
1207 1206 1336 1271 neote-

261 1321 348 1393 ricis
383 1318 433 1394 ad
457 1317 652 1416 dignitates
675 1319 863 1394 clericales
890 1328 929 1391 et
953 1316 1159 1390 saeculares
1184 1337 1335 1415 promo-

262 1451 354 1515 vent
384 1461 477 1536 quos
508 1440 653 1515 volunt-
702 1437 758 1512 Ac
783 1440 827 1531 si
840 1437 903 1512 vel
928 1435 1093 1511 maxime
1116 1433 1165 1507 de
1189 1436 1336 1511 Eleusi·

260 1560 333 1631 niis
358 1559 567 1657 scripsisset
589 1562 663 1633 ista
677 1560 794 1650 Theo,
818 1564 1030 1657 quaererem
1057 1566 1183 1628 tamen
1202 1552 1335 1631 eadem

261 1699 355 1776 quae
386 1699 518 1775 supra3
551 1678 650 1753 unde
680 1680 836 1773 intelligi
861 1685 1005 1775 potest,
1030 1697 1078 1746 ex
1103 1674 1335 1747 initiatorum

202 1812 205 1817 ·
260 1795 372 1870 turba
403 1795 583 1871 duntaxat
611 1799 757 1898 aliquos
788 1807 1013 1871 secretorum
1046 1794 1215 1866 omnium
1248 1813 1335 1866 con·

260 1916 357 1997 teies
393 1917 512 2011 iactos
543 1940 644 2009 esse,
675 1918 837 2016 reliquos
868 1918 909 1989 in
941 1911 1112 1989 seumdis
1144 1913 1338 2010 tertiisque

262 2036 499 2111 constitisset
519 2036 713 2113 Gredatim
739 2059 843 2111 sacra
868 2034 1012 2134 percipi
1037 2031 1128 2105 dicit
1152 2044 1190 2107 et
1215 2036 1263 2105 ex
1278 2033 1334 2106 in·

138 2200 143 2249 ς
261 2156 430 2231 tervallo.
490 2153 590 2246 Quid
620 2157 670 2232 ad
701 2156 805 2231 remi
836 2156 956 2231 Nemo
989 2174 1066 2227 non
1089 2173 1153 2241 eo,
1177 2173 1252 2250 quo
1277 2152 1335 2224 in·

262 2274 393 2366 tendit,
417 2298 486 2376 per
510 2276 647 2372 gradus
671 2277 853 2378 pervenit
893 2274 977 2349 Hoc
1003 2274 1197 2350 enimvero
1224 2292 1336 2371 quae-

260 2396 374 2485 ritur,
408 2407 533 2494 utrum
567 2400 700 2494 vulgus
725 2398 955 2471 initiatorum
981 2394 1252 2491 etquicunque
1277 2388 1334 2464 di·

216 2529 221 2542 '
261 2516 399 2589 viniori
439 2514 628 2589 doctrinae
658 2515 841 2594 inhabiles
871 2515 1010 2614 reperti
1042 2523 1181 2601 essent,
1232 2509 1335 2585 mdi-

183 2633 186 2640 ’
261 2635 397 2706 mentis
429 2633 650 2731 quibusdem
674 2634 809 2708 leuiter
834 2633 969 2712 imbuti
993 2635 1089 2705 circa
1113 2630 1221 2704 initia
1247 2630 1336 2705 sub·

262 2754 423 2827 stiterint
455 2775 503 2826 an
535 2752 653 2851 (quod
685 2755 797 2828 eliam
836 2766 947 2851 atque
987 2754 1100 2826 etiam
1139 2750 1334 2848 confirmo)

263 2874 414 2945 omnino
447 2872 638 2964 omnibus,
670 2875 735 2974 qui
767 2871 918 2970 quidem
943 2872 1035 2945 nihil
1059 2871 1209 2967 graviru
1235 2893 1334 2945 con-

263 2990 468 3083 tinuissent,
500 2995 706 3092 sapientiae
738 2994 846 3068 istius
879 2991 1085 3091 penetralia
1108 3005 1271 3068 reserata
1296 3006 1335 3068 et

194 3102 197 3106 ’
262 3111 457 3208 popularis
487 3112 676 3209 religionis
709 3115 893 3188 vanitates
918 3111 1083 3188 detectae
1108 3110 1257 3186 luerint
1288 3112 1334 3187 ld

262 3231 336 3303 nisi
367 3231 610 3330 probaverint
640 3236 902 3330 mysteriorum
934 3230 1201 3321 admiratores,
1233 3231 1334 3331 quod

261 3348 415 3447 probari
446 3375 599 3452 prorsus
629 3376 706 3428 non
729 3343 873 3455 potest,
903 3354 1033 3453 paucis
1059 3363 1233 3450 expertae
1259 3354 1334 3430 vir·

264 3471 355 3543 tutis
381 3481 420 3560 et
442 3471 662 3571 prudentiae
687 3476 779 3552 viris
804 3498 932 3552 veram
958 3472 1020 3548 dei
1045 3470 1192 3547 colendi
1216 3475 1333 3548 scien-

264 3591 357 3664 tiam
383 3590 556 3668 traditam
582 3618 683 3687 esse,
708 3609 827 3672 totam
851 3598 963 3672 istam
988 3593 1178 3668 doctrinae
1202 3594 1332 3689 mysti-

264 3731 328 3782 cae
348 3712 591 3806 jactationem
616 3716 666 3790 ad
691 3717 848 3791 nihilum
871 3713 1035 3791 recidere
1060 3734 1207 3787 necesse
1231 3725 1298 3787 est

364 3832 543 3931 Superest
588 3858 682 3912 unus
720 3835 983 3936 olympiodori
1021 3833 1124 3906 lours
1164 3833 1332 3935 (Sainte

265 3951 371 4024 croix
396 3975 434 4050 p.
460 3953 561 4052 393.)
595 3980 705 4055 quem
739 3959 882 4057 primm
908 3952 1147 4034 Casaubonus
1171 3955 1210 4028 in
1235 3954 1331 4034 uoti·
