2917 4600
144 274 149 283 .
255 219 328 293 166
393 287 403 314 N
470 263 472 266 ψ
571 213 960 285 v'rrrarnaonruns

187 380 197 402 ⁸
251 390 410 465 delirum
435 390 582 464 faciant.
639 387 892 462 Perabsurdae
923 383 1032 460 nobis
1057 384 1234 461 videntur
1258 387 1327 483 hy·

251 510 517 611 perboreorum
549 509 771 584 Scaldorum
803 509 1042 582 continuatae
1066 506 1325 582 translationes

251 645 289 704 et
320 632 418 730 tropi
451 632 492 704 in
525 632 734 727 aenigmata
767 639 964 720 exeuntem
990 627 1247 723 intelliguntur
1270 640 1327 703 ta·

166 763 175 771 ’
248 773 347 825 meo.
400 748 477 824 sed
501 751 559 825 bis
593 752 701 847 longe
733 749 947 848 perplexior
978 747 1181 834 Homerus¹
1199 749 1325 846 plane·

250 895 321 969 que
354 870 477 946 infans
502 871 594 962 fuit,
626 874 660 946 si
691 872 747 945 ita
778 871 929 968 scripsit
954 881 997 942 ut
1020 871 1118 942 inter
1142 869 1247 966 ipsos
1272 870 1327 943 al·
1368 889 1373 898 “

248 993 429 1086 legoricae
453 994 608 1065 rationis
634 1003 833 1065 sectatores
858 1012 935 1063 non
973 990 1096 1063 solum
1129 988 1177 1062 de
1209 975 1359 1064 totius'

249 1114 372 1210 operis
412 1109 562 1186 summai
599 1113 745 1188 infinita
785 1111 969 1184 dissensio
1009 1111 1078 1199 sit,
1112 1107 1179 1182 sed
1210 1133 1338 1209 saepe·

138 1213 148 1234 ’
249 1235 363 1306 etiam
404 1231 528 1305 eidem
568 1232 717 1306 fabulae
759 1232 826 1305 alii
865 1230 978 1304 aliam
1013 1229 1212 1326 subjiciant
1242 1254 1327 1304 sen-

250 1355 422 1442 tentiam,
454 1353 493 1425 hi
525 1365 671 1443 autem,
704 1352 768 1450 qni
800 1352 1020 1424 maximnm*
1037 1350 1176 1425 habent
1204 1354 1325 1448 paea

249 1475 430 1548 sermonis
456 1494 586 1562 mum,
612 1493 663 1545 ex
690 1469 863 1544 omnibus
887 1471 1031 1544 nubam
1057 1472 1224 1569 probent

687 1625 691 1635 s

718 1675 751 1775 a.
803 1675 866 1749 21.

349 1827 453 1903 Haeo
484 1830 610 1929 paullo
644 1830 758 1903 latius
785 1826 963 1918 disserui,
988 1839 1048 1918 ut,
1074 1849 1189 1926 quum
1215 1829 1327 1902 intel·

248 1949 400 2055 lectum,
415 1929 544 2040 fuerit}
577 1973 651 2048 qua
682 1951 829 2023 ratione
853 1961 999 2024 veteres
1024 1949 1065 2026 in
1091 1948 1325 2047 explicandis

246 2068 383 2144 fabulis
414 2072 554 2146 versati
585 2073 679 2160 sint,
710 2069 797 2174 binc
829 2067 877 2141 de
902 2069 1186 2175 cerimoniarum
1211 2073 1325 2145 sacri-

247 2190 407 2263 ficabam
431 2191 739 2288 interpretatione
760 2187 945 2286 J‘udicium
969 2189 1050 2261 ieri
1071 2191 1200 2286 possit
1225 2187 1325 2265 Nam

247 2312 280 2384 si
311 2310 471 2385 Homeri
504 2313 667 2385 carmina
698 2311 787 2385 ideo
821 2309 872 2383 ad
901 2310 1118 2404 allegoriam
1148 2323 1325 2386 revocata

247 2442 344 2519 sunt,
370 2453 418 2504 ne
442 2444 637 2528 poetarum
663 2434 836 2530 princeps
862 2432 903 2503 in
928 2428 1039 2503 rebus
1057 2431 1230 2504 maximis
1248 2445 1326 2505 tur·
1354 2478 1357 2482 -

237 2552 348 2646 ¹piter
380 2574 523 2624 errasse
555 2551 746 2626 rideretur
770 2594 822 2608 ·-
838 2551 1005 2651 Ὅμηρος
1028 2550 1104 2653 γὰρ
1128 2553 1324 2652 ἠσέβησεν,

248 2676 281 2744 sl
309 2671 361 2770 μὴ
393 2670 617 2775 ἠλληγόρησε
635 2674 680 2769 [⁸]
707 2714 761 2729 —
784 2671 925 2768 pariter
951 2668 1083 2742 Graeci
1109 2672 1206 2744 circa
1227 2674 1325 2746 ritus

248 2812 404 2865 avorum
428 2794 640 2890 patriasque
665 2792 861 2887 religiones
886 2788 1102 2863 laborarunt
1127 2802 1166 2864 et
1190 2789 1324 2865 cadem

248 2908 295 2980 de
321 2932 443 3002 causa,
468 2913 632 3009 primum
655 2935 704 2985 ne
729 2908 819 3009 quid
844 2921 972 2984 contra
995 2911 1179 2984 rationem
1203 2912 1243 2983 in
1263 2931 1325 2983 sa·

248 3030 318 3102 cris
348 3031 427 3103 lieri
453 3030 664 3123 videretur,
699 3029 835 3105 deinde
865 3053 914 3103 ne
947 3027 1042 3129 quid'
1062 3033 1143 3105 sine
1168 3030 1325 3105 ratione.

249 3150 460 3225 Macrobius
493 3151 619 3226 Somn.
650 3153 680 3226 1.
714 3153 750 3225 2.
777 3151 813 3225 8.
864 3149 1057 3225 Veritas
1082 3173 1164 3251 per
1189 3172 1325 3248 quac·

248 3269 348 3345 dam
382 3274 649 3372 composita
682 3271 868 3344 atficta
900 3270 1144 3369 profertur
1170 3281 1214 3342 et
1238 3269 1326 3352 boc

242 3390 340 3485 J‘am
363 3381 567 3468 'vocatur
591 3392 813 3468 fabulosa
836 3393 1052 3465 narratio
1077 3411 1168 3462 non
1192 3388 1324 3463 fabu-

248 3510 312 3599 la,
345 3523 397 3584 ut
428 3526 538 3587 sunt
570 3512 934 3587 cerimoniarum
968 3531 1117 3600 sacra,
1155 3519 1206 3581 ut
1238 3506 1326 3582 He-

248 3629 373 3704 siodi
398 3645 444 3704 et
462 3633 638 3730 Orphei
653 3654 778 3731 noae
803 3630 858 3703 de
883 3628 1069 3703 deorum
1094 3624 1340 3726 progenie

218 3832 222 3839 ‚
249 3764 418 3828 actuve
443 3764 702 3825 narrantur.
728 3734 987 3824 Hieroclesin
1012 3759 1142 3846 qtrarto
1171 3746 1323 3820 del’ro-

249 3871 419 3945 videntia
442 3884 480 3945 et
493 3871 590 3945 Fato
615 3871 664 3949 τὰ
690 3868 870 3975 λεγόμενα
896 3864 1003 3973 λόγια
1029 3870 1106 3946 καὶ
1129 3867 1242 3953 τοὺς
1262 3871 1323 3946 ἱε-

320 4020 359 4089 [ι]
377 4016 511 4076 nascor.
528 4022 613 4091 mag.
630 4024 749 4077 naen
1040 3990 1046 3995 ’
