2917 4600
237 187 311 263 172
590 179 947 257 oroan'rosnus.

231 389 269 465 p.
284 363 346 439 28.
369 372 414 438 ut
435 362 552 436 altero
573 362 783 437 animasum
798 363 839 437 in
854 381 1011 461 corpora
1024 372 1304 457 transgressum,

231 485 351 559 altero
384 504 512 557 carum
536 481 776 591 luctationem
804 495 842 556 et
865 484 1150 583 repugnantiam
1175 480 1304 593 adum·

231 604 333 679 brari
358 601 467 676 dicat
511 600 689 699 Idemque
712 603 754 677 in
777 601 874 676 libro
901 601 1221 678 Chrestomathiao
1245 624 1304 676 sa·

231 747 334 799 cram
372 724 557 821 lauream,
597 744 707 821 quam
745 724 786 796 in
825 723 1129 822 Daphnophoriis
1161 718 1305 795 traduci

229 866 314 919 mos
344 854 442 933 orat,
481 842 614 915 taeniis
646 844 818 917 trecentis
850 845 1046 939 soxagiota
1075 843 1237 941 quinque
1269 849 1306 912 et

133 992 136 997 ¹
230 962 404 1041 diversae
435 959 698 1057 magnitudinis
732 960 891 1058 globulis
926 962 1117 1055 maritam,
1148 959 1199 1035 ad
1224 981 1307 1034 mo·

228 1094 337 1158 tuum
356 1083 582 1178 ¹coelestium
614 1083 813 1178 imaginem
839 1094 1009 1176 revocat3
1044 1104 1202 1180 namque
1226 1101 1304 1181 rna·

231 1206 353 1279 imas
384 1203 560 1302 sphaeras
593 1202 683 1276 solis
709 1202 891 1303 lunaeque
915 1205 1034 1278 instar
1059 1224 1159 1293 csse,
1184 1202 1304 1275 minu-

230 1325 351 1399 sculas
383 1323 575 1398 stellamm
607 1322 733 1397 locum
758 1322 944 1415 obtiuero,
976 1324 1105 1398 infulis
1123 1316 1305 1420 ¹vcro‘to·

229 1444 349 1519 “tidom
381 1445 469 1519 anui
501 1441 580 1515 dies
613 1443 746 1516 notari.
809 1443 861 1517 Et
892 1448 1061 1519 constitit
1093 1442 1196 1542 apud
1229 1464 1305 1515 cro·

229 1563 362 1645 dentes
371 1560 424 1661 [Ἶ.
451 1560 660 1638 Concedam
680 1562 852 1637 aodimos
872 1566 951 1639 otio
974 1578 1012 1639 ot
1024 1566 1174 1660 ingenio
1189 1562 1305 1636 ebun-

230 1683 380 1775 dautes,
412 1696 456 1756 ut
487 1694 574 1755 sunt
605 1682 765 1772 aeditui,
802 1706 917 1781 quum
941 1686 1128 1756 irosionon
1151 1702 1305 1757 exorna·

228 1817 330 1896 rent,
368 1805 411 1877 io
449 1822 645 1877 numerum
684 1803 791 1876 illum
824 1802 1016 1896 incidisse,
1057 1803 1121 1900 qui
1150 1812 1305 1900 propter

229 1927 321 2000 anni
344 1925 528 1998 rationem
554 1922 685 2021 cuique
708 1924 834 2021 primo
859 1925 943 1997 loco
969 1923 1127 1996 occurrit
1135 1918 1192 2020 [Ἴ.
1227 1919 1305 1994 Sed
1340 1932 1341 1937 ’

229 2045 281 2121 ed
313 2067 395 2136 eam
424 2066 503 2118 rem
528 2045 645 2117 istum
668 2065 811 2116 morem
842 2045 1055 2117 institutum
1088 2064 1169 2116 esso
1200 2040 1303 2116 haud

230 2165 352 2241 orado.
405 2161 479 2254 Qui
511 2166 611 2238 enirn
644 2174 702 2237 tot
732 2163 869 2255 fasciae
900 2166 1047 2238 minuto
1080 2162 1303 2251 ramusculo,

232 2313 342 2389 quem
377 2310 472 2387 puer
503 2285 665 2378 ferebat,
710 2288 765 2360 sie
786 2285 970 2385 'adaptari
1002 2288 1221 2385 potuerunt,
1259 2293 1304 2357 ut
1410 2280 1413 2289 '

232 2432 361 2483 carum
392 2430 569 2481 numerus
601 2408 690 2482 iniri
722 2419 851 2506 possut
875 2430 901 2479 a
924 2405 1200 2506 spectantibusl
1225 2404 1303 2480 Dc·
1392 2451 1395 2456 1

229 2532 343 2627 nique
375 2528 442 2600 illa
465 2527 652 2625 Apollinis
684 2527 866 2602 solemnia
891 2550 977 2601 oum
1003 2539 1304 2601 astronomorum

209 2648 394 2748 ¹iuvantis
423 2648 518 2720 nihil
542 2649 755 2722 commercii
778 2646 931 2740 hebent3
967 2670 1087 2745 nequo
1110 2646 1224 2732 hodie
1247 2646 1304 2718 in·

230 2770 384 2845 solitum
416 2779 472 2840 est
490 2767 617 2842 ‘festas
649 2768 802 2842 arbores
826 2766 958 2858 bullis,
990 2767 1178 2841 lemniscis
1204 2765 1303 2839 aliis-

230 2912 303 2989 que
338 2886 548 2986 crepundiis
580 2888 814 2987 cxomariP}
844 2887 935 2961 Fuit
957 2886 1054 2962 illud
1078 2909 1223 2987 quoque
1246 2886 1303 2956 in·

139 3017 143 3025 '
230 3023 289 3085 ter
313 3010 494 3083 festorum
519 3006 663 3083 dicrum
683 3008 1016 3105 oblectamenta'et
1029 3020 1086 3083 est
1101 3009 1303 3080 etiaumum

231 3195 453 3327 menn
468 3191 1303 3339 morrone
1384 3225 1388 3230 ·

231 3342 295 3396 um
313 3338 458 3393 nunde
1008 3332 1010 3337 ·

232 3418 1304 3568 uolitantumtantummodum

233 3570 259 3624 6.
283 3568 391 3624 totidem
413 3566 541 3620 utilitates
584 3567 651 3620 elme
667 3569 794 3638 praebere
811 3567 907 3622 dicitnr
923 3564 1056 3620 Plutarch„
1079 3561 1142 3632 Syro
1162 3600 1169 3614 .
1186 3560 1262 3614 VIII.
1278 3556 1304 3612 ⁵.

196 3707 199 3712 g
232 3640 293 3695 362.
316 3649 358 3693 tot
381 3637 449 3692 liciis
473 3586 611 3691 coosulat
636 3639 765 3697 Adonidis
789 3639 892 3693 morin.
915 3634 1032 3691 Herodo.
1048 3632 1098 3688 111.
1115 3579 1160 3686 d
1182 3631 1305 3701 antiquos

231 3712 381 3767 comoedica
405 3708 511 3762 fabulae
528 3707 682 3761 CCCLXV.
704 3716 879 3765 nocerentur.
901 3726 927 3762 v.
951 3705 1074 3762 Meiuskc
1097 3704 1206 3770 Quaest.
1229 3702 1305 3753 Scan

232 3783 270 3836 11
298 3782 322 3834 1.
346 3780 407 3835 nur
431 3779 507 3847 hujus
535 3777 635 3832 numeri
651 3771 773 3850 exempla*
786 3779 893 3849 collegit
908 3777 1024 3834 Jsolsoo
1041 3775 1198 3844 Chronolog.
1215 3771 1305 3825 Alter-

234 3853 351 3906 thuemcr
367 3869 394 3921 p.
411 3847 472 3901 ³78.
490 3866 529 3918 sq.

306 3935 345 4006 [¹]
364 3936 486 3990 Olearius
502 3936 592 3989 Itiner.
611 3937 686 3992 Pers.
703 3956 729 4010 p.
749 3936 808 3992 106.
825 3939 919 3991 lecturo
931 3937 1079 3991 Polmurum
1093 3928 1245 3986 Mosooviac
1262 3941 1306 3977 ce·

236 4010 364 4065 lcbratom
389 4006 538 4061 describens
554 4007 659 4076 Pane,
680 4012 780 4081 inquit,
803 4025 836 4063 sos
858 4024 920 4062 aroc
936 4006 1060 4060 veniebat
1072 3999 1186 4073 jucundo
1203 4001 1306 4068 spectu·
