2917 4600
254 194 307 272 st
610 210 753 268 crura
778 204 963 269 essuos.
1180 301 1182 305 Ι

254 366 488 447 buduoendis
517 370 688 447 muru
719 393 818 461 esse,
852 384 918 446 aut
948 394 996 445 nc
1028 371 1218 448 Eleusinia
1240 379 1322 475 qui-

255 490 353 566 dem.
378 564 381 569 ,
409 489 507 567 Illud
545 489 641 565 adeo
680 490 790 566 iitlci
810 492 1009 582 abacum,
1049 504 1109 583 ut,
1150 500 1321 592 quamvis

104 636 107 639 ·
253 611 374 687 mults
405 635 429 685 a
457 612 766 711 mysteriosopbis
797 613 935 686 nostris
969 611 1069 686 dicre
1102 616 1195 705 sint,
1226 640 1320 717 qtsao

251 732 421 808 homiues
452 730 662 808 festiviores
693 722 814 805 ridere
838 753 1027 830 nunquam
1053 732 1240 827 desinent,
1265 750 1320 812 ta-

252 874 349 933 men
363 873 475 926 nemo
500 852 620 927 adbuc
644 848 828 926 affirmare
851 855 1076 944 sustinuerit,
1101 855 1142 927 in
1165 857 1319 951 singulis

252 973 331 1047 iero
363 973 540 1048 Graeciae
572 971 724 1046 urbibus
753 983 936 1071 quotquot
966 976 1074 1049 annis
1105 994 1233 1050 veram
1258 976 1319 1053 (lsi

253 1092 399 1168 colendi
436 1095 619 1167 rationem
659 1115 684 1166 a
713 1092 971 1168 >sacerdotibus
1011 1093 1189 1169 traditam
1227 1118 1317 1171 csse.

253 1212 330 1289 sod
354 1216 442 1314 qnia
466 1234 572 1287 casus
596 1211 693 1303 tulit,
717 1224 761 1287 ut
785 1197 976 1286 Eleusinia
1001 1225 1040 1286 et
1065 1214 1318 1295 Samothracia

250 1358 422 1433 magnam
446 1355 537 1433 prae
561 1335 691 1411 ceteris
715 1333 855 1407 famam
881 1344 1105 1429 consequuta
1118 1336 1203 1426 sint,
1228 1335 1318 1411 baec

252 1455 357 1533 velut
379 1453 578 1528 seminaria
597 1451 779 1551 quaedam
798 1451 949 1528 divinem
967 1455 1173 1551 sapientias
1193 1457 1317 1529 inore

133 1610 136 1620 ·
251 1575 375 1650 ierunt
398 1573 549 1647 fanatici
574 1574 804 1672 antiquitatis
830 1573 1001 1649 cultores.
1028 1573 1118 1648 Siue
1141 1574 1219 1649 ulla
1235 1577 1315 1672 qui-

187 1728 197 1735 ·
251 1694 338 1769 (lem
369 1692 506 1768 idonea
527 1694 683 1766 ratione.
712 1691 808 1767 Nam
834 1686 951 1792 neque
976 1678 1173 1769 discrimen
1197 1693 1314 1769 ullum

250 1815 512 1909 mysteriorum
538 1835 562 1885 a
586 1811 774 1888 veteribus
799 1812 969 1905 traditur,
994 1835 1113 1912 noque
1131 1812 1231 1886 credi
1247 1834 1316 1911 po-

251 1947 343 2027 test,
367 1935 464 2008 inter
489 1955 535 2006 ea
559 1954 692 2023 sacra,
713 1954 808 2031 quae
840 1931 972 2007 eodem
1005 1936 1156 2007 nomine
1187 1932 1315 2033 appel·

249 2056 328 2130 lata
367 2066 406 2129 et
441 2051 575 2127 iisdem
613 2051 826 2127 numinibus
856 2053 1036 2152 inscripta
1065 2054 1188 2144 iissre,
1233 2064 1314 2126 tan·

250 2188 332 2250 tum
357 2173 584 2264 interlitisse,
609 2185 653 2246 ut
676 2174 752 2247 alia
777 2182 970 2248 consuetas
993 2184 1232 2273 receptasque
1264 2171 1312 2245 de
1406 2173 1413 2187 ‘

249 2296 406 2372 (leonum
437 2305 570 2402 namra
602 2295 796 2392 opiniones
828 2294 1106 2404 confirmarent,
1142 2293 1217 2369 alia
1242 2293 1312 2367 tol-

246 2420 428 2611 lerentiod
458 2558 506 2609 nc
537 2535 619 2632 quis
651 2535 745 2609 banc
777 2537 897 2635 ipsam
922 2536 1193 2610 Eleusiuiorum
1220 2533 1312 2608 colo·

140 2713 144 2724 .
247 2658 422 2733 britatem
445 2651 641 2750 singularis
658 2654 855 2750 'cujusdam
881 2655 1123 2729 iustitutionis
1149 2667 1188 2728 et
1211 2676 1234 2727 a
1254 2677 1312 2728 ce-

247 2779 337 2854 teris
375 2775 545 2853 curmae
586 2786 841 2868 argumentum
881 2795 962 2847 esse
994 2772 1122 2865 ducat,
1158 2773 1311 2848 demon-

247 2898 373 2974 strabo
399 2918 513 2995 quam
537 2894 677 2969 multae
700 2894 810 2990 hujus
834 2896 906 2984 rei,
932 2916 1114 2991 quamque
1137 2894 1312 2995 probabi·

245 3020 301 3095 les
327 3039 459 3093 causae
482 3017 619 3117 partim
644 3016 749 3111 fingi,
775 3016 911 3113 partim
938 3016 1134 3108 excogitari
1157 3016 1310 3114 possint

245 3141 372 3215 Prima
396 3160 507 3215 causa
531 3136 603 3211 fuit
627 3136 788 3211 civitatis
805 3136 935 3234 ipsius,
961 3136 1064 3231 cujus
1077 3136 1149 3209 boc
1165 3155 1311 3208 sacrum

247 3273 345 3355 erat,
379 3257 556 3362 splendor
586 3271 625 3332 et
648 3254 855 3360 amplitudo
880 3253 983 3329 dumi
1009 3254 1166 3353 bellique
1182 3252 1310 3353 parta,

246 3405 341 3482 quae
366 3380 538 3456 omnibus
564 3379 672 3476 hujus
698 3379 816 3474 gentis
846 3377 953 3450 iactis
977 3376 1208 3472 inventisque
1229 3396 1310 3471 gra·

245 3505 339 3578 tium
371 3513 410 3575 ot
440 3501 694 3576 auctoritatem
728 3494 986 3572 circumdabat
1043 3493 1213 3570 Secunda
1243 3493 1310 3568 do·

245 3625 482 3701 mesticorum
514 3622 736 3719 scriptorum
767 3615 966 3692 multitudo
999 3627 1037 3689 et
1061 3616 1224 3704 claritas,
1249 3637 1309 3689 res
1366 3657 1370 3664 ,

245 3746 387 3844 patrias
411 3743 623 3842 pmeconio
663 3762 733 3815 suo
763 3738 1048 3813 nobilitantium.
1087 3758 1124 3810 v.
1157 3735 1308 3810 Sallust

245 3861 326 3939 Cat
351 3864 449 3940 vlu.
474 3863 510 3937 2.
535 3862 662 3936 Tertia
686 3862 778 3951 loci,
803 3860 867 3934 ubi
893 3857 963 3930 dea
982 3855 1310 3930 beneficentissima

247 3984 336 4060 olim
372 4008 397 4058 a
420 3985 538 4080 longis
570 3984 754 4059 erroribus
788 3978 970 4077 requiesse
995 3974 1225 4066 credebatur,
1249 3999 1307 4050 re·
