2917 4600
240 181 314 285 170
600 201 744 257 ulans
768 204 956 260 seruus.

234 357 343 431 nulaa
370 356 562 456 bullasque
586 362 793 458 pectorales
818 376 961 460 gestare
987 372 1248 457 consueverint
1257 377 1312 471 [7.

233 478 299 552 Sic
330 483 465 554 missus
499 483 677 555 circenses
712 483 761 560 ad
798 507 946 559 cursum
980 485 1071 558 solis
1104 511 1312 566 accommo-

235 596 389 697 dant[‘],
415 603 470 674 sic
494 600 640 676 mensas
666 607 889 705 patinasque
914 604 1048 679 mundi
1070 609 1243 701 symbola
1251 616 1310 709 [⁸]‚

231 720 353 820 pileos
392 721 597 796 Laconicus
633 725 991 825 hemisphaeriorum
1035 708 1116 801 esse
1157 729 1312 804 demon-

231 832 361 914 strant
411 842 583 941 Denique
626 866 783 942 corpora
821 859 1054 921 momuorum
1086 849 1212 924 fasciis
1244 852 1310 926 ob-

230 963 362 1058 stringi
401 975 440 1036 et
478 964 582 1037 humi
622 965 796 1040 collocari
829 978 1042 1058 autumant,
1079 981 1123 1043 ut
1155 972 1310 1069 qtrisque

228 1084 441 1157 meminerit
467 1086 660 1158 succinctis
685 1088 757 1159 iter
782 1084 832 1159 ad
857 1108 1014 1184 superos
1040 1088 1308 1186 capessendum

200 1206 311 1278 ene
344 1216 382 1277 et
407 1204 457 1280 ad
482 1206 767 1300 significandum
793 1209 942 1281 animos
967 1209 1134 1307 corporis
1158 1208 1309 1283 vincula

228 1327 358 1398 enixos
393 1326 434 1399 in
469 1347 700 1401 communem
735 1328 903 1401 omnium
933 1351 1059 1402 rerum
1092 1339 1217 1402 ortum
1249 1352 1307 1401 re-

226 1442 402 1542 ftmdi[¹¹].
429 1445 526 1520 Sunt
549 1448 641 1521 baec
665 1448 747 1521 sina
773 1444 887 1522 dnbio
907 1469 983 1521 non
1003 1446 1201 1523 mediocris
1221 1472 1306 1523 acu-

226 1568 341 1640 minis
372 1569 592 1666 specimioa3
631 1571 714 1665 quis
748 1570 848 1641 enim
879 1566 1106 1659 crediderat,
1142 1569 1306 1644 Graecos

226 1685 489 1786 Romanosque
513 1699 719 1761 ceterorum
746 1688 963 1762 mortalium
989 1687 1085 1762 adeo
1104 1686 1304 1762 dissimiles

224 1807 359 1897 firmae,
385 1821 428 1884 ut
451 1830 570 1906 neque
593 1810 635 1882 in
660 1808 820 1897 vestitu,
851 1810 1037 1905 usquein
1062 1808 1304 1907 supellectile,

224 1948 346 2025 neque
377 1930 418 2001 in
451 1927 594 2025 diruam
621 1929 780 2023 negotiis
803 1927 1007 2026 quidquam
1033 1929 1096 2003 vel
1121 1950 1212 2002 usus
1238 1929 1302 2005 vel

225 2061 377 2124 omatus
416 2040 494 2146 vel
518 2047 795 2124 commoditatis
830 2070 941 2122 causa
973 2061 1203 2122 assumerent
1233 2049 1305 2127 sed

222 2190 356 2272 omnes
391 2172 567 2244 minimos
607 2173 710 2248 uitae
749 2180 852 2244 actus
892 2169 1098 2264 symbolico
1138 2169 1301 2268 quodam

294 2323 332 2397 [θ]
351 2325 500 2380 Aldbelmns
518 2327 551 2380 de
567 2325 652 2379 baud.
670 2325 745 2394 Virg.
761 2323 834 2378 xlv.
851 2321 912 2377 811.
930 2323 965 2379 Τ.
982 2325 1032 2378 ΙΠ.
1050 2325 1111 2395 Big.
1129 2324 1300 2379 discrimi-

223 2397 336 2464 nalia,
371 2397 625 2466 periscelides,
659 2395 905 2461 olfactoriola,
943 2396 1062 2460 nardi,
1101 2396 1299 2466 crepundia

224 2466 552 2535 collugemrniferis
571 2467 702 2519 lanulis
721 2465 955 2537 dependentia
980 2468 1014 2519 cl.
1038 2465 1140 2521 Rubro.
1166 2467 1200 2519 de
1222 2484 1298 2535 gem-

222 2554 264 2592 ma
288 2538 400 2605 Augusti
417 2554 443 2607 p.
460 2537 521 2590 216.
552 2537 643 2591 Ballas
665 2537 727 2590 illas
745 2537 871 2607 pueriles,
904 2553 1013 2606 quarum
1038 2538 1146 2591 formam
1169 2537 1300 2607 disceptat

222 2610 264 2662 vir
288 2608 379 2660 doctus
402 2606 430 2658 iu
453 2610 513 2660 Act.
538 2608 637 2664 Societ.
659 2609 778 2677 Traject.
796 2626 822 2676 p.
845 2605 905 2659 119.
924 2607 959 2659 Τ.
978 2607 1000 2659 Ι.
1019 2606 1169 2677 Hesychius
1198 2607 1299 2678 signifi-

223 2685 281 2732 cat:
306 2680 434 2745 Σεληνίς,
458 2674 645 2750 φυλακτήριον
666 2678 750 2751 tyrol
803 2696 832 2730 αι
848 2681 905 2737 τοῖς
921 2675 1049 2737 παιδίοις.
1086 2677 1214 2731 Glossoer
1235 2684 1298 2732 Φυ-

222 2744 381 2822 λιιιιιὴριον,
400 2750 652 2814 servatorium,
671 2767 741 2805 eno
764 2750 935 2813 inertum,
952 2749 1107 2816 praevia.
1124 2748 1193 2802 unde
1217 2748 1297 2801 Bern.

221 2815 338 2873 Vestrini
362 2817 474 2886 Supra
500 2818 518 2870 l'
542 2836 601 2871 uso
625 2836 727 2873 sacra
752 2837 767 2872 e
797 2819 938 2888 profano
970 2815 1065 2887 degli
1094 2818 1239 2888 Agnelli
1269 2820 1296 2870 in

220 2890 332 2945 Dissert.
355 2888 438 2940 Acad.
463 2888 537 2942 Cort.
561 2889 597 2941 Τ.
619 2890 667 2942 VI.
691 2890 754 2944 259.
779 2888 870 2943 brevia
893 2887 1071 2941 ecclesiastica
1095 2896 1124 2942 et
1149 2906 1231 2958 agnos
1253 2887 1297 2943 dei

221 2969 305 3016 ortam
336 2958 433 3012 babere
464 2963 555 3029 putat,
584 2977 681 3029 easque
712 2977 755 3013 res
779 2966 808 3011 et
828 2959 966 3012 infantium
989 2958 1016 3011 in
1040 2958 1107 3012 collo
1129 2959 1297 3028 praebiorum

220 3035 278 3086 loeo
310 3037 338 3083 et
369 3046 432 3084 vero
463 3029 542 3083 etiam
571 3032 728 3099 imaginibus
751 3030 907 3083 aneorum
937 3037 965 3082 et
987 3029 1145 3098 Angelorum
1172 3028 1295 3100 appendi,

219 3106 289 3158 sicut
313 3100 372 3154 olim
397 3100 510 3153 Laribus
527 3101 613 3153 bullas
631 3119 656 3171 p.
673 3101 735 3153 258.
753 3102 787 3155 cf.
807 3099 962 3153 Middleton.
980 3099 1154 3152 Conlormites
1170 3100 1204 3152 de
1221 3102 1296 3152 cert-

220 3191 286 3229 raon
303 3190 330 3242 p.
347 3171 409 3225 226.
433 3171 524 3239 Signis
547 3179 635 3224 nomm
656 3172 756 3225 veretri
779 3169 925 3240 appositam
948 3185 1007 3222 ease
1024 3170 1145 3238 Scaliger
1166 3170 1243 3223 docet
1260 3168 1294 3222 ad

220 3244 308 3299 catal.
326 3261 352 3313 p.
368 3239 430 3295 206.
448 3242 498 3295 boc
515 3241 614 3296 Luc-ilii
630 3241 827 3295 voesurNam
844 3240 925 3323 quid
942 3241 1094 3293 moetino
1112 3241 1295 3308 subjecto-

220 3333 285 3387 que
315 3315 396 3367 huic
422 3328 505 3383 opus
535 3314 646 3381 alguo.
689 3312 785 3366 Neue
810 3327 868 3362 ven
889 3309 1009 3362 absimile
1032 3309 1153 3374 videtur,
1177 3310 1294 3378 eos'qui

170 3395 175 3404 '
219 3387 262 3439 rel
284 3402 346 3438 suas
370 3383 414 3438 vel
439 3397 545 3437 suorum
560 3382 688 3451 imagines
703 3328 810 3451 puilico
828 3380 886 3432 loco
904 3385 1099 3444 comesturum,
1116 3380 1167 3432 boc
1184 3385 1293 3451 προβα-

218 3461 338 3527 mro,
362 3472 414 3526 quo
437 3455 530 3507 rustici
554 3471 634 3523 agros
656 3453 816 3522 arboresque
838 3451 918 3504 uitari
937 3451 1070 3515 solebant,
1087 3449 1233 3504 invidorum
1251 3449 1294 3503 vel

217 3523 686 3649 petol'lmliiiiii¹⁰¹1ii¹⁰ii
703 3522 867 3645 ⁶i⁰ifiiml
884 3521 1015 3645 timisi
1032 3520 1153 3643 '⁰¹⁸3‘

344 3616 370 3650 v.
459 3613 492 3647 o.
535 3612 551 3647 a
630 3631 638 3645 .
699 3630 706 3644 .
775 3630 783 3646 .
863 3631 869 3642 .
1017 3630 1024 3646 .
1061 3628 1068 3642 .
1122 3628 1130 3641 .

299 3599 326 3740 ti
344 3668 420 3721 Serio
438 3665 608 3735 Asclepiades
625 3612 718 3716 Athin.
735 3662 783 3716 xl.
799 3609 861 3714 48y9.
878 3661 910 3716 C.
928 3678 976 3731 per
989 3608 1077 3730 joarim
1094 3660 1186 3714 Alexis
1202 3658 1238 3712 Π.
1248 3659 1292 3711 60.
1319 3689 1322 3696 «

216 3743 249 3795 Α.
266 3747 295 3794 et
311 3741 365 3805 ille,
382 3737 427 3808 qui
443 3736 562 3791 missorio
579 3733 680 3789 aedisti
697 3732 837 3802 imaginem
852 3731 965 3785 inclusit.
979 3748 1005 3784 v.
1019 3732 1125 3785 Jacobs.
1140 3730 1174 3783 ad
1186 3730 1293 3784 Antbol.
1401 3792 1406 3806 ι

217 3813 251 3864 Τ’
268 3811 332 3949 xpp.
347 3807 496 3946 litigios
514 3875 566 3928 oo.
584 3891 626 3945 sp.
645 3873 758 3927 cmo.
776 3872 811 3926 aa
827 3873 901 3925 ren.
919 3870 971 3923 n1.
983 3887 1009 3940 p.
1023 3868 1086 3923 sos.
1102 3869 1133 3926 a
1147 3870 1292 3959 mpma-
1356 3887 1361 3892 ·

217 3953 275 4004 λειν
291 3952 340 4003 τοῦ
357 3943 477 4006 εὐζώνοις
493 3941 611 3999 ἀναθεῖν
627 3939 774 4015 σύμβολον·
792 3940 823 3996 τὸ
841 3940 889 3996 ἐπὶ
904 3941 955 4011 γῆς
977 3944 1084 3997 τιθέναι
1113 3943 1163 3996 τοῦ
1186 3958 1292 4010 urspe-

217 4015 364 4090 μνήσιιειν,
383 4013 456 4077 ὅπως
473 4011 510 4070 ἂν
525 4019 583 4076 τοῖς
597 4012 670 4075 ὅλοις
686 4011 704 4081 ἡ
720 4010 797 4086 ψυχὴ
814 4014 980 4082 corumdem.
