2917 4600
475 189 819 255 annuerunt
1110 180 1183 257 173

107 352 266 437 mutans
297 348 466 425 vestibus
498 372 627 426 sexum
660 353 809 426 mentiri
833 352 1007 428 alienum.
1060 356 1183 430 Philo-

107 471 244 545 chorus
286 468 468 544 Venerem
510 468 667 545 affirmat
708 494 790 546 essa
822 473 948 546 lunam
982 486 1021 547 et
1055 477 1091 549 ei
1123 498 1183 551 sa·

107 592 287 663 militium
312 591 433 665 faeere
458 594 561 665 viros
588 614 673 666 cum
697 605 804 668 veste
828 592 1019 682 muliebri,
1051 596 1183 669 mulie-
1320 676 1324 681 ,

107 734 170 783 res
202 734 287 785 eum
322 711 449 814 ttirili,⁸
484 711 608 809 quod
642 712 804 787 eadem
837 726 883 787 et
913 734 1011 788 mas
1043 718 1183 789 aesti-

109 843 261 905 matur
292 842 337 907 et
368 830 542 905 femine
572 831 734 906 Macrob.
767 832 832 905 III
858 833 894 907 8.
926 832 1029 909 NihiI
1054 857 1183 934 suspe-

110 955 205 1025 ctius
244 951 303 1024 his
330 949 556 1026 Graecorum
581 952 919 1048 Archaeologorum
952 956 1182 1051 conjecturis,

110 1073 173 1169 qui
204 1072 323 1143 nimia
356 1073 583 1168 antiquitatis
616 1072 863 1149 admiratione
887 1072 1039 1149 ludicris
1064 1097 1184 1174 popu·
1264 1111 1276 1128 ·

107 1191 251 1265 laribus
290 1203 328 1264 et
362 1190 463 1289 apud
495 1214 623 1266 omnes
654 1194 825 1290 receptis·
843 1196 1008 1268 rationes
1040 1218 1186 1292 paves,

107 1312 174 1387 vel
200 1334 224 1384 a
247 1311 482 1410 physiologia
506 1317 683 1413 repetitas
708 1317 771 1391 vel
796 1316 844 1391 ab
869 1315 1043 1406 hittoria,
1068 1316 1183 1413 subji-

109 1456 195 1506 cere
234 1433 364 1505 solent
429 1434 472 1506 In
509 1432 773 1533 Osrhophoriis
804 1436 1086 1511 Atheniensium
1118 1454 1185 1513 ear

105 1555 265 1649 juvenes
303 1575 482 1652 pompam
524 1553 699 1631 ducentes
733 1556 931 1631 muliebres
966 1568 1088 1631 vestes
1122 1580 1185 1653 qe·
1225 1606 1230 1613 -
1316 1556 1321 1563 “

109 1687 196 1746 rant
226 1674 442 1747 Plutarchus
473 1676 633 1774 explieat
663 1676 707 1750 V.
747 1677 856 1753 Thes.
890 1702 919 1751 α
946 1674 1085 1751 XXIII.
1118 1699 1184 1751 eur

110 1794 221 1889 &85³
253 1806 423 1892 tempore
447 1795 544 1869 festo
564 1796 865 1891 Hybristieorum
892 1809 1047 1895 uterque
1073 1818 1183 1871 sexus
1298 1822 1302 1841 ·

111 1913 279 1989 habitum
310 1917 408 1988 inter
441 1939 482 1989 se
514 1930 735 2009 commutet,
761 1918 972 2014 Polyaenus
997 1917 1095 1991 VIII
1121 1914 1183 1991 35.

111 2058 178 2109 eur
203 2032 492 2135 Quinquatribus
517 2038 684 2113 tibicines
711 2038 870 2116 Ovidius
892 2041 993 2114 Fast
1013 2036 1076 2110 VI
1095 2034 1183 2111 653.

112 2155 212 2245 692„
238 2159 301 2254 qui
327 2159 360 2231 si
386 2158 555 2232 viderent
579 2181 675 2257 quae
698 2157 813 2232 hodie
834 2157 936 2257 apud
952 2155 1183 2232 Christianos

110 2279 332 2375 praesertim
358 2280 455 2354 eirea
478 2292 625 2379 tempus
652 2276 878 2378 carniprivii
903 2278 1075 2351 similiter
1102 2278 1184 2351 fleri

114 2399 256 2490 solent,
282 2398 420 2490 dictum
446 2401 585 2476 laetum
610 2402 822 2475 invenirent
845 2400 1006 2497 aliquam
1033 2418 1184 2472 eausam

113 2517 186 2592 sibi
227 2518 460 2617 credibilem,
501 2518 609 2595 noble
642 2521 846 2596 ridendam
904 2518 977 2607 His
1010 2540 1101 2594 vero
1133 2518 1183 2592 si·

112 2638 291 2714 millimee
328 2642 432 2716 fuere
464 2641 690 2716 Graecorum
722 2644 1045 2738 Romanorumque
1075 2660 1182 2737 pom-

111 2781 203 2857 pao,
227 2759 417 2860 iidemque
439 2761 569 2838 turbae
592 2777 815 2862 personatos
839 2763 961 2851 lusus,
986 2761 1113 2859 plures
1133 2759 1182 2832 ob

112 2902 261 2973 tamm3
285 2886 447 2980 primum
471 2886 557 2981 quia
582 2896 759 2959 cuneta
783 2884 863 2958 rub
888 2881 1073 2978 ignotis
1092 2880 1183 2953 ler-

112 3001 240 3075 et'vs'a
265 3004 476 3078 vestibus
501 3005 656 3094 audet,
689 3017 770 3079 trun
796 3005 884 3103 quia
905 3002 1074 3076 honunes
1093 3000 1183 3074 elati
1299 2997 1305 3004 ’

111 3122 265 3197 levitate
297 3116 510 3223 laetitiaque
530 3124 741 3202 exultantes
768 3125 894 3200 omnia
919 3134 1183 3219 contraquam

114 3229 197 3318 mos
238 3256 277 3317 et
310 3246 406 3318 ratio
438 3246 531 3335 fert,
571 3246 691 3320 semro
722 3247 901 3341 gestiunt,
944 3240 1059 3316 modo
1091 3240 1182 3315 deos

112 3363 228 3438 modo
254 3363 391 3439 bestias
416 3364 620 3457 imitando,
652 3388 805 3463 seseque
830 3367 869 3438 in
896 3383 1024 3437 omnes
1047 3363 1183 3459 figuras

110 3485 422 3561 transformando.
448 3485 605 3560 Athenis
625 3490 661 3564 οἱ
673 3483 925 3587 πομπεύοντες
937 3495 993 3587 τῷ
1006 3482 1182 3583 Διονύσῳ

109 3606 207 3683 κατὰ
228 3606 387 3707 μίμησιν
411 3616 477 3704 τῆς
502 3607 586 3707 περὶ
610 3608 728 3686 αὐτὸν
745 3607 947 3710 θεραπείας
970 3605 1182 3706 ἐπόμπευον

110 3729 148 3803 οἱ
166 3726 239 3826 μὲν
257 3728 302 3806 τὸ
324 3737 404 3806 τῶν
423 3725 612 3830 Σατύρων
636 3738 760 3841 σχῆμα
781 3726 971 3823 σώζοντες,
997 3723 1087 3803 οἶδὲ
1101 3730 1181 3799 τῶν

107 3929 168 4053 φὲο
179 3930 273 4055 etrqlror
296 3939 388 3985 oruata
411 3931 497 3985 multis
521 3932 620 4003 ponis,
643 3933 746 3989 benhur
769 3941 797 3988 et
813 3932 988 4003 emporis,
1013 3926 1080 3983 veho
1096 3926 1180 3998 impo-

107 4015 131 4051 u
