2917 4600
530 227 802 282 orrares.
1125 209 1201 284 763

136 384 210 472 dit,
243 404 318 457 non
344 379 438 458 adeo
460 404 488 453 a
514 383 643 464 ceteris
670 378 863 478 discrepat
897 379 991 454 Nam
1019 377 1202 456 Centima-

136 508 185 590 ui¹
212 503 385 580 Titanum
420 502 664 599 antiquissimi
690 500 856 591 fuerunt3
889 500 1041 575 Titanes
1066 512 1202 596 summ,

137 626 224 721 quia
248 636 337 723 post
361 622 549 696 naturales
576 621 677 710 deos,
705 618 858 706 coelom
879 631 918 694 et
938 621 1103 709 Terram,
1127 625 1203 719 pri·
1304 627 1306 632 ’

136 746 189 817 mi
216 747 370 842 extitere
396 743 537 839 quihus.
554 743 707 828 nomina
733 743 887 839 proprio
912 755 950 815 ot
975 743 1072 816 aetio
1094 763 1203 838 quae·

136 862 223 937 darn
264 866 363 937 vitae
397 863 635 949 tribueretur,
674 863 904 935 animantum
937 863 1106 946 omnium
1139 883 1203 959 pa

136 996 258 1055 rentes
291 982 408 1055 habiti
441 993 545 1070 sunt,
580 980 893 1078 quemadmodum
926 986 966 1055 in
1001 982 1203 1057 Homerico

137 1103 276 1196 hymno
303 1102 440 1176 dieitur
466 1105 503 1174 in
531 1099 653 1200 Apoll.
681 1100 766 1175 335.

224 1231 351 1354 Τντῆνές
373 1296 404 1334 τε
427 1269 494 1334 θεοὶ
519 1228 766 1354 τῶνῖξὸνδρες
787 1294 818 1333 τε
841 1273 914 1334 θεοί
932 1296 963 1333 τε

140 1423 176 1530 ρ
202 1413 239 1520 n
267 1409 429 1506 Orphico
456 1403 629 1482 xxxvl.

227 1567 416 1645 Τιτῆνες-
438 1558 592 1647 ἡμετέρων
613 1558 757 1647 πρόγονοι
779 1560 919 1646 πατέρων
971 1599 982 1607 -

225 1662 388 1748 ἀρχαὶκαὶ
410 1665 502 1747 πηγαὶ
527 1660 650 1727 πάντων
671 1669 798 1746 θνητῶν
821 1658 1041 1744 πολυμόχθων.

48 1890 51 1895 ,
142 1816 288 1890 Deinde
314 1814 552 1890 Centimanos
578 1820 680 1914 ipsos
705 1815 856 1890 fuerunt
880 1818 942 1912 qui
969 1827 1100 1892 ventos
1121 1837 1208 1900 ¹osse
1328 1815 1329 1818 '

142 1938 315 2012 dieormt.
343 1959 379 2008 v.
407 1936 528 2009 Sohoh
555 1938 644 2010 Hes
665 1935 801 2030 Theog.
826 1935 908 2009 139.
934 1937 977 2008 ln
1003 1938 1072 2009 hoo
1096 1938 1207 2031 igitur

143 2081 271 2132 omnes
295 2059 548 2146 eonsentiunt,
575 2056 806 2155 Tritopatres
819 2057 961 2150 generis
975 2056 1127 2130 humani
1143 2077 1209 2129 au·

143 2193 262 2251 stores
278 2199 369 2267 esse,
395 2179 477 2251 sive
490 2175 581 2251 deos
596 2179 677 2251 sive
693 2177 863 2250 homines
878 2200 901 2249 a
916 2175 974 2250 dis
988 2176 1208 2271 geniorum

144 2302 269 2374 tertio·
289 2297 404 2403 groslu
436 2309 555 2388 ortem
598 2296 697 2371 unde
729 2301 843 2372 etiam
874 2296 1044 2371 nonnulli
1074 2318 1211 2373 nomon

144 2442 271 2493 eorum
299 2419 489 2493 derivasse
516 2417 706 2511 videntum
733 2421 798 2493 alii
823 2418 980 2490 fortasse
1006 2441 1029 2490 a
1053 2439 1209 2490 nmnero

144 2562 211 2612 suo
238 2551 392 2612 vocatos
417 2548 606 2636 putamnt,
633 2549 699 2614 aut
723 2546 834 2642 (quae
859 2539 1135 2635 simplicissima
1153 2560 1210 2610 ra·

144 2658 215 2754 tio)
242 2661 329 2756 quia
353 2650 607 2760 τριτοαάτωρ,
634 2661 783 2735 Polluce
808 2672 921 2749 testo,
953 2680 1138 2757 pmavum
1163 2659 1210 2733 si·

145 2780 292 2874 gnificat
330 2780 439 2876 (sieut
480 2789 675 2875 quartus
714 2794 846 2878 pater
888 2776 1050 2853 abavum
1082 2774 1210 2871 virgil.
1295 2854 1297 2859 ,

108 2895 112 2902 ’
145 2899 236 2971 Aen.
272 2899 318 2974 X.
345 2898 448 2997 olo.)
473 2902 607 2996 proavi
632 2911 758 2973 autern
782 2903 822 2973 in
848 2900 1031 2994 majomm
1057 2917 1212 2969 numero

146 3021 393 3116 principatum
428 3017 614 3108 obtinent,
648 3020 748 3094 unde
780 3023 839 3108 iit,
872 3030 915 3090 ut
947 3028 1071 3114 pater,
1106 3039 1212 3105 avus,

147 3161 310 3236 proavus
348 3140 499 3237 proprie
539 3149 659 3242 γονεῖς
691 3140 862 3227 dieantru
895 3152 933 3213 et
963 3138 1079 3213 iidem
1111 3137 1212 3236 apud

146 3260 332 3332 Romanos
358 3262 529 3333 universe
553 3260 797 3357 parentes3'
827 3260 1030 3359 eademque
1055 3259 1103 3332 de
1129 3280 1212 3332 eau-

146 3402 189 3452 sa
219 3378 462 3452 Athenienses
494 3383 642 3474 ingenui
674 3380 875 3477 quamlibet
908 3381 1044 3456 veteris
1078 3390 1116 3449 et
1146 3398 1213 3448 nu·

147 3522 314 3573 morosae
337 3502 546 3598 prosapiae,
574 3513 699 3572 tamen
723 3497 826 3574 haud
848 3484 975 3599 ‘plures
1001 3518 1115 3594 quam
1139 3509 1213 3569 tres

147 3617 338 3715 indigenas
371 3621 531 3717 majores
565 3622 660 3693 ciere
692 3619 878 3717 solebant,
911 3620 1012 3690 satis
1035 3614 1212 3688 habentes

148 3741 181 3810 si
227 3745 266 3815 ἐκ
305 3741 494 3844 τριγονίας
538 3745 729 3838 Ἀθηναῖοι
772 3739 985 3815 viderentur
999 3740 1069 3835 [Ἦ.
1138 3732 1212 3807 Sed
1271 3840 1274 3849 Ι
1362 3830 1366 3837 ,

221 3938 270 4009 [⁰⁰]
291 3942 365 4011 Apud
388 3942 480 4008 Indos,
505 3954 534 3996 ut
557 3944 733 3998 Philostratus
755 3950 845 3996 narrat
863 3942 894 3993 V.
913 3939 998 4010 hpoll.
1016 3938 1051 3991 ll.
1068 3933 1110 3988 30.
1128 3952 1153 4018 p.
1171 3934 1213 3985 80.

151 4008 172 4059 si
198 4007 241 4077 qui
259 4010 447 4082 philosophiam
465 4015 580 4083 profiteri
599 4016 703 4079 volunt,
727 4014 835 4097 primum
853 4019 973 4084 putentes
991 4022 1078 4062 sorum
1096 4022 1141 4075 qm
1158 4005 1212 4057 lue·
