2917 4600
484 217 830 279 sunnslrlln.
1148 217 1195 293 19

116 373 160 448 Τ.
185 374 217 447 1.
243 396 282 474 p.
308 372 396 451 m
429 392 539 476 (seem
569 378 648 454 nnn
672 358 1103 474 nomnnssanunun
1129 411 1195 466 an·

114 506 195 568 tem
234 493 467 593 Spnnhtnsis
488 494 647 574 neunt
671 500 721 577 ad
748 499 892 577 Callim.
918 506 969 579 Η.
992 509 1033 581 in
1058 507 1131 608 Ap.
1157 532 1194 587 v.

115 615 152 690 2
176 614 241 691 vel
263 612 455 691 sumatis
473 614 577 697 idem
601 618 803 696 affirmanti
819 625 859 696 in
879 624 1058 703 Exercitt
1078 629 1194 704 Sulin.
1292 720 1294 727 y

115 759 152 833 p.
177 734 269 810 752.
296 737 360 833 qni
385 738 418 809 sl
443 758 522 813 rem
547 740 699 816 intentis
727 743 845 817 erulis
872 750 1112 846 contemplati
1137 772 1194 825 es·

116 867 217 945 sent,
257 857 417 930 Isaeum·
444 854 491 931 de
525 858 677 935 Philnet
717 861 808 936 Her.
849 886 887 963 p.
924 865 1007 940 148.
1040 889 1115 941 nnn
1148 870 1195 943 de

115 970 323 1052 Eleusiniis
345 977 456 1075 lnqni'
474 977 541 1052 sed
567 979 614 1053 (le
633 981 940 1083 Thesmophoriis
960 986 1195 1064 animadver-

116 1096 260 1170 fiuent
311 1095 437 1187 thm
462 1118 571 1177 sacris·
588 1096 742 1203 *publiea
767 1100 864 1208 (ἱερὰ
891 1106 1091 1205 δημοτελῆ)
1118 1088 1195 1182 ser-

115 1217 180 1289 vis
203 1213 314 1291 'ndito
345 1218 493 1293 linnerit
523 1220 734 1316 [Demosth.
769 1248 798 1297 c.
830 1224 961 1299 Neaer.
993 1249 1031 1324 p.
1062 1226 1191 1326 1374]

118 1334 297 1433 equdem·
315 1359 392 1411 non
416 1361 486 1436 pru
514 1352 615 1414 nerto
634 1343 781 1438 negaba
796 1345 939 1421 civibus
953 1344 1088 1420 Atticis
1110 1370 1194 1445 per·
1296 1400 1299 1407 ·

118 1457 273 1531 missum
303 1459 419 1532 inisse
445 1471 489 1534 ut
513 1482 707 1537 servorum
735 1484 887 1538 sunrunr
914 1484 1025 1564 quern
1052 1468 1195 1542 vellent

115 1576 156 1649 in
188 1576 383 1676 templum·
404 1579 638 1655 Eleusiniam
670 1582 964 1678 introducerent3
998 1585 1110 1685 idque
1144 1586 1193 1662 de

114 1714 183 1769 sno
224 1695 380 1772 dnmsnu
418 1701 635 1798 praedicare
673 1702 824 1780 videtur
857 1707 1014 1782 vernula
1045 1706 1191 1783 Atticus

113 1817 218 1917 apud
243 1818 492 1919 Theophilum

239 1952 298 2019 sis
307 1956 441 2043 τροφέα,
463 1938 519 2022 siv
531 1963 674 2044 σωτῆρα,
697 1958 736 2024 δι’
753 1958 790 2025 ὃν
804 1957 887 2026 εἶδον
899 1958 1015 2045 νόμους

240 2056 386 2142 milas,
406 2057 528 2140 ἔμαθον
540 2056 706 2145 γράμματ’,
731 2060 874 2147 insilitis
887 2068 985 2138 θεοῖς·

111 2180 149 2252 in
176 2176 300 2252 Schnl.
326 2178 377 2253 ad
401 2180 514 2253 Dion.
542 2181 707 2282 Gramm.
733 2205 770 2280 p.
797 2185 884 2258 724.
935 2171 1074 2258 Verum
1099 2187 1190 2260 haec

112 2303 320 2375 omittimus
352 2313 396 2373 nt
428 2298 601 2396 ambigua
626 2314 664 2374 et
688 2305 728 2374 in
754 2314 925 2376 neutram
950 2315 1098 2399 partem
1123 2327 1190 2379 va·
1282 2310 1284 2313 ’

111 2420 235 2494 litnra
286 2418 363 2494 Sed
395 2418 442 2492 de
468 2418 607 2493 Juliani
634 2421 848 2493 testimonis
874 2421 994 2496 multa
1019 2424 1060 2495 in
1085 2446 1189 2498 men-

114 2551 191 2612 tnn
227 2542 398 2630 veniunt,
439 2533 534 2639 quas
566 2537 679 2612 fidem
713 2542 793 2636 ejus
826 2561 1051 2640 magnopere
1084 2543 1186 2618 labe·

109 2660 257 2733 factent
282 2660 448 2734 Primum
467 2659 646 2755 Diogenis
670 2680 892 2758 responsum
917 2663 1084 2738 referunt
1102 2664 1188 2739 Plu·

110 2775 257 2854 tarnim
288 2799 435 2879 qunque
467 2779 514 2853 de
539 2779 637 2854 And.
665 2779 767 2853 Puet.
794 2779 852 2852 lv.
878 2805 915 2879 p.
945 2782 1003 2855 18.
1030 2794 1068 2856 et
1092 2784 1186 2858 Dio-

109 2915 218 2997 genes
251 2900 422 2974 Laertius
455 2899 517 2977 Vl.
543 2903 604 2975 39.
631 2893 789 2999 qnorum
814 2913 968 2998 uterque
993 2901 1186 2978 Eleusinia

109 3023 312 3117 significare
343 3020 512 3112 videtur,
543 3024 728 3095 rationem
760 3033 903 3110 autern,
937 3044 1001 3094 eur
1025 3023 1091 3095 ille
1114 3026 1186 3096 ini-

109 3143 194 3215 tiari
218 3141 400 3232 noluerit,
425 3142 565 3215 nnllam
591 3142 769 3231 afferunt,
794 3153 942 3240 praeter
968 3163 1078 3238 quam
1103 3144 1186 3241 ipsu

108 3261 333 3359 planissimis
366 3261 491 3337 verbis
524 3261 673 3335 indicat.
734 3262 864 3359 anue
890 3272 969 3335 tam
994 3263 1119 3357 gravis
1146 3274 1185 3336 et

109 3393 236 3482 aperta
260 3393 336 3472 est,
362 3394 403 3456 nt
426 3382 733 3482 interpretatione
758 3396 833 3453 non
861 3393 976 3476 egeat
1012 3379 1183 3468 Secundo

111 3523 182 3576 nen
206 3514 332 3601 petest
356 3504 467 3592 sumi,
492 3501 749 3592 Athenienses,
776 3502 948 3597 quamvis
971 3499 1182 3597 largiendae

113 3622 270 3697 civitatis
309 3621 487 3721 prodigos
503 3616 570 3722 [¹],
608 3643 725 3720 usque
768 3642 813 3693 en
844 3613 1096 3717 'processisse‚
1140 3629 1184 3690 ut
1268 3663 1270 3668 -

111 3762 236 3815 omnes
265 3743 371 3836 illos,
405 3745 468 3842 qui
502 3743 701 3841 quotannis
736 3764 758 3813 e
793 3751 923 3813 curneta
949 3738 1107 3812 Graecia
1132 3734 1182 3808 ad

174 3925 213 3999 [q
232 3947 258 3982 v·
276 3928 373 3984 saron
390 3931 424 3985 su
441 3929 546 3984 nun.
565 3929 600 3983 r.
617 3929 665 3982 1v.
682 3946 709 3999 p.
728 3928 787 3984 182.
814 3925 980 3980 senum
998 3939 1044 3977 mr
1060 3922 1100 3976 ua
1122 3922 1180 3977 ue

110 4003 211 4070 W
227 4017 256 4072 p.
274 3998 337 4055 268.
354 4001 381 4054 in
398 4000 477 4056 Men.
495 4000 577 4055 lieni.
594 3999 716 4070 [metius
735 3998 769 4052 Τ.
786 3995 914 4068 XLVIII.

903 4075 1023 4157 2¹¹¹¹
