2917 4600
512 212 787 292 ounn1on.
1110 221 1185 299 365

111 391 286 468 Chronoi.
322 416 359 492 p.
387 392 473 467 376.
512 390 612 491 quod
645 393 911 490 antiquissimis
943 395 1185 496 temporibus,

111 486 244 612 quibus
256 513 449 611 Orpheum
462 515 603 589 vixisse
616 524 737 611 putat,
753 535 875 589 annos
888 516 1000 591 fuerit
1012 514 1184 593 CCCLX.

111 633 275 724 diemm3
308 632 374 706 sed
399 633 471 706 hoc
494 636 620 733 ipsum
646 636 727 706 sine
754 631 869 709 dubio
894 637 1032 711 salsum
1059 634 1183 739 cst[⁸¹']

111 755 172 828 De
197 742 374 828 carminis
405 754 525 850 elogio
558 750 800 828 Jablonskius
832 758 873 829 in
899 756 1035 856 Opusc.
1070 756 1112 831 Τ.
1139 759 1185 831 Π.

111 901 148 975 p.
176 876 261 951 397.
287 875 380 948 haec
404 875 568 972 scripsit:
604 874 784 964 „Grotius
810 875 975 975 διαθήκη
1001 899 1071 976 pm
1097 878 1186 973 legi·

112 998 210 1088 „bus
234 1006 455 1093 usurpatum
482 1002 564 1069 esse
590 992 681 1068 dicit
706 995 754 1069 ab
781 995 953 1094 Orphicis
985 1009 1023 1070 et
1048 996 1184 1092 Pytha·

112 1118 307 1214 „goristis3
341 1127 440 1189 certe
470 1114 568 1188 inter
592 1115 708 1189 libros
735 1116 886 1215 Orpheo
912 1117 1027 1192 tribui
1052 1119 1185 1191 solitos

112 1226 260 1329 „fuisse
290 1237 403 1310 etiam
436 1234 643 1334 διαθήκας,
667 1248 831 1335 ΥῙιαηοιο
862 1238 1017 1333 majoris
1039 1240 1185 1336 operis,

112 1357 243 1461 „quod
276 1356 346 1432 sub
380 1357 529 1429 nomine
563 1359 674 1457 ἱερῶν
701 1355 825 1462 λόγον
857 1357 1046 1433 veteribus
1079 1360 1179 1434 inno·

113 1482 234 1570 „tuit,
264 1477 378 1551 iidem
403 1478 493 1551 facit
518 1474 702 1567 Justinus3
738 1496 871 1553 verum
897 1501 1013 1576 quum
1038 1490 1186 1576 praeter

113 1621 272 1690 „versus
302 1599 407 1688 iilos,
447 1619 540 1695 quos
575 1595 702 1670 Patres
736 1600 869 1687 citant,
907 1599 1001 1672 nihii
1034 1598 1084 1673 ad
1115 1621 1185 1673 nos
1243 1614 1246 1619 ·

113 1720 367 1819 „pervenerit,
403 1740 463 1790 res
489 1717 539 1791 ad
570 1740 693 1792 meras
729 1719 959 1813 conjecturas
985 1718 1083 1809 abit,
1118 1742 1186 1792 nec

112 1862 239 1939 „quae
271 1861 362 1916 vera
394 1838 508 1912 fuerit
539 1840 654 1927 ratio,
697 1836 746 1911 ob
779 1862 889 1937 quam
916 1839 1089 1938 Orpheus
1112 1840 1184 1933 hos
1325 1868 1329 1873 ·

113 1981 273 2054 „versas
304 1959 535 2057 inscripserit
565 1956 774 2056 διαθήκας,
814 1972 913 2033 certo
940 1961 1185 2059 pronunciare

113 2101 375 2184 „possumus
405 2080 456 2152 Et
491 2080 525 2155 si
558 2091 687 2153 auctor
711 2077 877 2153 Judacus
910 2081 974 2155 vel
1008 2064 1211 2154 Christis-⁸
1375 2156 1380 2165 s

112 2206 212 2293 „nus'
243 2199 376 2290 fuerit,
413 2202 549 2292 sunum
575 2190 762 2289 nonest,
799 2202 831 2272 si
863 2199 1042 2295 exemplo
1067 2199 1184 2273 LXX.

113 2309 389 2419 „interpretum
422 2321 726 2416 significationem
759 2329 825 2418 τῆς
859 2316 1185 2417 ascomannos

113 2440 368 2533 „extenderit;
403 2440 724 2536 'Pythagoreorum
758 2450 958 2539 praecepta
988 2460 1064 2512 non
1100 2440 1183 2518 δια-

113 2566 262 2660 „coxas
295 2560 363 2635 sed
395 2562 588 2660 ὑποθῆκαι
618 2571 815 2653 vocantur3
850 2555 1015 2659 διαθήκη
1040 2572 1185 2635 tannim

112 2680 193 2773 „de
230 2681 477 2780 dispositione
514 2684 775 2755 testamentari
809 2680 984 2755 dicitur.“
1047 2678 1185 2780 Utique

112 2804 286 2877 usitatius
311 2801 385 2877 fuit
407 2825 546 2877 nomen
566 2803 791 2901 Ὑποθῆκαι,
814 2824 900 2901 ·quo
924 2802 1077 2874 nomine
1101 2801 1184 2876 Mu-

112 2926 201 3014 saei,
227 2921 408 3013 Hesiodi,
434 2925 639 3013 Draconis,
664 2922 827 3013 Solonis,
852 2922 1027 3015 Dionysii
1055 2917 1184 2997 Corin-

112 3044 193 3135 thii,
220 3044 451 3141 aliommque
467 3066 561 3141 quos
575 3043 791 3119 Weiskerus
804 3040 1009 3116 indicated
1022 3040 1183 3138 Theogn

110 3188 149 3265 p.
175 3163 344 3239 LXXIV.
377 3165 541 3239 ommino
569 3166 749 3263 inscripta
781 3175 903 3253 erant,
943 3173 982 3235 et
1004 3163 1184 3237 Deciates

112 3283 164 3358 ed
188 3283 327 3361 Niooel.
351 3285 381 3357 Ι.
405 3308 442 3383 p.
473 3284 531 3359 18.
557 3285 670 3381 Lang.
696 3287 766 3358 ait:
792 3282 891 3369 τινὲς
914 3292 995 3361 τῶν
1019 3292 1185 3381 ποιητῶν

111 3413 192 3483 τῶν
215 3407 545 3511 προγεγενημένων
570 3402 784 3503 ὑποθήκας,
819 3404 871 3490 ὥς
892 3402 966 3504 χρὴ
993 3403 1081 3503 ζῇν,
1116 3434 1184 3479 κα-

112 3524 360 3604 ταλελοίπασι.
404 3524 481 3601 Nec
497 3537 693 3625 poetarum
714 3526 837 3599 solum
854 3524 922 3599 sed
937 3526 1051 3598 etiam
1064 3521 1189 3597 Theo'

111 3649 245 3744 pompi
278 3643 363 3721 Chii
391 3644 600 3745 Ὑποθήκας
641 3644 777 3741 allegat
813 3644 1021 3740 Dionysius
1052 3641 1183 3730 Helice

77 3745 324 3842 'Heraclidis
355 3767 499 3852 Pontici
531 3768 727 3863 Diogenes.
779 3763 950 3867 Orpheus
981 3783 1073 3840 vero
1106 3783 1183 3834 car·
1281 3827 1284 3832 .
1338 3843 1340 3846 ,

112 4039 149 4094 Τ.
167 3965 288 4096 Q*
304 3958 464 4043 emmens
480 3971 640 4027 ααοιιαα
663 3972 710 4027 ιιι
726 3972 799 4027 wet
820 3968 874 4028 oa
896 3969 983 4025 mm
999 3962 1089 4020 nean
1106 3962 1183 4019 κιαι.
