2917 4600
473 251 821 320 utnuslnrn.
1033 341 1042 357 Ι
1115 259 1208 335 ΠΤ

105 419 170 480 ιιι
194 403 460 506 praesidebant
484 425 524 486 et
545 420 758 496 sacerdotes
781 427 915 523 populi
938 428 1186 524 Atheniensis,

102 526 166 600 his
194 526 424 625 ambubcjae
442 533 483 604 ¹et
505 539 780 616 aeruscatorum
810 547 946 638 inlimi3
979 541 1055 626 illle
1084 575 1184 628 sum-

102 669 193 720 mus
219 648 413 722 constabat
437 653 547 750 apud
566 679 694 746 ornnes
720 662 859 757 bonos,
894 665 1025 760 deeris,
1051 674 1183 746 nocti-

103 777 176 854 ιιι,
203 766 309 839 hoec
319 768 609 864 prudentissimo
635 784 768 882 ruique
793 784 883 859 odio
908 800 1015 861 erant
1039 802 1077 863 et
1097 805 1182 890 con-
1293 829 1297 834 ¹

103 889 253 958 temtui.
304 888 434 988 anue
470 892 659 974 distinctio
684 917 763 977 non
786 915 865 978 tam
891 905 953 979 ιιι
967 907 1102 983 Dionis
1127 883 1182 985 lo-

106 1027 192 1078 cum
217 1008 398 1104 pertinet,
428 1013 469 1085 in
494 1038 568 1112 quo
594 1043 811 1098 communes
838 1023 1021 1123 quaedam
1046 997 1190 1104 utrius?

102 1149 178 1222 (pue
203 1130 347 1222 generis
372 1143 484 1206 notae
509 1155 736 1237 comparent,
761 1167 872 1242 quam
894 1145 942 1220 ed
961 1148 1056 1222 alios
1072 1170 1181 1247 quos-

104 1245 214 1336 dam,
241 1249 306 1344 qui
331 1271 463 1352 quum
471 1252 519 1328 de
543 1261 702 1356 privetis
726 1267 916 1358 mysteriis
941 1269 1070 1367 scripti
1095 1272 1180 1360 sint,

102 1389 181 1492 non
203 1370 286 1441 sine
310 1367 448 1465 lloglfio
474 1374 524 1449 ad
549 1378 742 1457 Eleusinia
765 1385 999 1461 trahuntur..
1166 1455 1170 1464 ,

206 1486 241 1561 J.
267 1489 451 1569 Stobacus
476 1495 635 1596 denique
649 1499 782 1577 CXIX.
796 1505 883 1580 604.
907 1506 974 1579 illa
1000 1507 1174 1584 sivel'lu-

105 1608 223 1682 turchi
249 1609 411 1711 (Fragm.
438 1612 485 1689 de
510 1616 581 1690 Αιι.
607 1620 669 1694 VI
695 1623 849 1721 2..726)
874 1627 955 1702 sive
982 1625 1177 1701 Themistii

103 1726 221 1801 verba
247 1731 412 1825 exhibet,
439 1757 534 1833 quae
558 1761 672 1839 supra
696 1746 946 1823 retulimus:
935 1748 1007 1849 πρὸ
1026 1739 1096 1824 coe
1117 1749 1175 1823 τέ-

105 1858 189 1934 lova
217 1851 331 1952 φρίκη
357 1855 420 1938 καὶ
444 1855 599 2008 cpippo
619 1867 660 1938 ix
684 1863 726 1940 (ιι
751 1864 888 1945 τουτου
913 1878 995 1969 φῶς
1015 1896 1052 1943 τι
1072 1872 1174 1945 θαυ-

103 1968 241 2069 μάσιον
275 1971 461 2073 ἀπήντησε
493 2009 557 2055 xm
590 1980 697 2075 τόποι
722 1988 890 2085 καθαροὶ
913 1990 985 2068 καὶ
1002 1995 1174 2087 λειμῶνες
1265 2008 1268 2012 ’

102 2089 274 2177 ἐδέξαντο
300 2096 432 2193 φωνὰς
456 2098 520 2173 και
539 2102 689 2201 χορείας
715 2135 859 2202 exortes
884 2118 950 2180 eto.
990 2106 1062 2179 Ηιι
1087 2104 1173 2179 sub-

97 2210 257 2307 jungunt
295 2212 450 2309 Luciani
489 2217 611 2294 locum
645 2218 788 2323 Catapl.
821 2224 960 2297 XXIII.
992 2225 1078 2298 203.
1107 2223 1173 2297 ubi

20 2400 23 2411 ,
99 2336 222 2407 neseio
256 2336 340 2432 quis
367 2335 501 2411 Orcum
535 2342 719 2435 ingressus
756 2366 840 2418 eum
865 2346 967 2419 socio
993 2345 1172 2442 loquittu:

103 2456 183 2528 ιιπέ
211 2485 286 2553 μοι,
320 2459 511 2554 ἐτελέσθης
536 2460 610 2564 γὰρ
636 2463 684 2539 τὰ
707 2466 927 2556 Ἐλευσίνια,
965 2467 1034 2563 οὐχ
1060 2467 1171 2565 ὅμοια

102 2580 183 2658 τοῖς
215 2578 285 2651 ἐκεῖ
319 2576 370 2651 τὰ
409 2576 550 2656 ἐνθάδε
588 2608 648 2658 σοι
679 2583 799 2678 δοκεῖς
840 2583 940 2659 unde
971 2585 1027 2658 illi
1061 2591 1170 2681 argu-

96 2706 322 2783 mententur,
346 2694 519 2789 Elysium
544 2699 813 2803 Tartarumque
838 2718 876 2779 et
898 2704 1078 2803 quidquid
1091 2728 1170 2779 ¹un-

97 2835 209 2911 quam
230 2827 366 2912 poetae
385 2819 618 2920 pictoresque
638 2822 686 2896 de
706 2825 836 2899 inferis
858 2828 1057 2900 eornmenti
1071 2839 1167 2914 suut,
1289 2896 1291 2901 ,

95 2935 134 3006 io
148 2933 365 3009 Eleusiniis
372 2953 687 3037 repraesentatum
707 2968 798 3019 csse
822 2946 1015 3020 Postremo
1032 2948 1168 3037 omnia,

95 3076 191 3152 quae
223 3067 432 3149 mystarum
466 3059 569 3158 apud
579 3047 887 3191 Aristophanem
919 3066 1051 3140 chorus
1075 3066 1166 3159 Ely-

96 3176 173 3248 sius
198 3174 248 3248 de
272 3175 423 3251 sedibus
448 3183 526 3253 suis
550 3164 756 3278 p'raedieat,
790 3189 948 3260 ιιιιιιιιιι
974 3198 1059 3259 ante
1081 3211 1164 3260 oon·
1296 3256 1299 3263 .

95 3294 153 3367 los
185 3297 312 3392 posita
343 3319 425 3371 esse
457 3300 692 3376 contendunt
754 3290 846 3379 Cur
851 3308 963 3439 igitur
987 3304 1165 3400 omittunt

96 3414 190 3488 illud
214 3420 670 3513 magnificentissimum

174 3540 234 3607 Ἀεὶ
256 3541 351 3621 μέν’
333 3553 406 3627 ημῖν
424 3546 511 3623 ἅλιος
529 3552 596 3613 καὶ
591 3551 713 3636 φέγγος
734 3550 842 3647 ἱλαρόν
862 3551 971 3618 lovel

96 3675 162 3725 cnr
183 3655 347 3752 Apuleji
362 3657 652 3757 obliviscuntur,
684 3663 755 3737 hoc
785 3663 889 3738 idem
914 3604 1163 3766 spectaculum

94 3773 211 3847 sibi
198 3798 255 3848 ιιι
272 3780 541 3875 penetralibus
556 3782 722 3857 oblatum
748 3786 941 3860 testantisl
972 3784 1162 3859 Accessi
1219 3828 1221 3832 -

96 3895 355 3971 confinium
381 3903 546 3977 mortis
572 3915 617 3977 et
642 3904 823 3979 calcato
850 3905 1161 4002 Proserpinae

93 4013 255 4088 limine
295 4041 377 4116 per
419 4025 573 4098 omnia
596 4024 780 4099 vectus
821 4027 1053 4098 elementa
1091 4047 1161 4097 re·
1269 4040 1273 4045 '
