2917 4600
241 196 294 274 78
434 246 443 277 ,
534 220 539 235 ‘
597 205 959 262 LIBERPRIMUB.

241 369 344 447 idem
369 365 517 467 publiea
541 364 660 455 (lixit,
696 363 798 464 quod
822 363 1102 464 Hiersphautae
1126 365 1318 464 privatim,

241 490 396 581 lovem,
428 487 644 589 Apollinem
670 497 710 560 et
735 497 897 576 essuos,
922 486 986 584 qui
1010 506 1081 586 pm
1107 483 1181 559 diis
1204 485 1319 560 habe

242 612 389 701 runnu,
429 609 599 683 homines
638 605 772 700 suisse;
810 606 923 706 idque
960 605 1152 708 professus
1189 608 1319 681 estin

244 729 520 808 Prometheo
551 728 793 815 vineto-
818 750 864 801 eo
890 727 1051 818 scilieet,
1076 713 1187 825 quem
1213 727 1317 801 Star-

243 855 349 929 rkius
374 850 472 946 legit
485 847 677 922 Fmretius
702 845 793 923 Sur
817 848 860 921 le
885 847 1009 922 culte
1034 846 1089 921 de
1106 847 1317 950 Bacchus

241 977 283 1049 ln
313 972 427 1050 Mem.
459 965 576 1045 Aoad.
598 968 713 1043 lusor.
739 968 782 1043 Τ.
806 967 943 1043 xxm
971 992 1009 1068 p.
1033 968 1121 1044 266.
1153 968 1319 1064 Aeschy-

241 1096 320 1172 lum
346 1103 455 1192 potat
476 1091 518 1164 in
541 1089 647 1164 illam
671 1089 922 1187 suspicionem
947 1088 1150 1166 adductum
1174 1114 1257 1164 esse
1272 1113 1318 1164 eo

77 1240 80 1247 ’
241 1214 342 1315 quod
365 1214 531 1288 Dianam
545 1206 689 1285 Carens
710 1211 826 1284 liliam
848 1209 1021 1304 dixissen
1046 1210 1088 1285 id
1112 1212 1212 1286 enim
1229 1210 1318 1307 dog·

241 1359 306 1411 ma
329 1332 564 1410 Eleusinium
597 1328 713 1405 fuisse
734 1341 785 1402 -et
815 1344 1016 1430 propterea
1047 1331 1096 1406 ab
1121 1330 1318 1417 Herodoto

242 1459 290 1533 ll.
320 1455 405 1531 loo.
432 1463 470 1526 et
494 1451 681 1525 Pausania
699 1450 970 1549 Aegyptiarum
995 1437 1193 1543 nominari,
1218 1449 1321 1551 quod

240 1576 386 1653 nollent
424 1572 638 1646 Eleusiniae
674 1568 865 1645 doetrinae
896 1574 1117 1669 mysterium
1147 1571 1319 1672 prodere.

139 1704 145 1717 '
204 1776 206 1779 ,
241 1695 446 1771 Videamus
471 1694 542 1768 lroe
567 1713 641 1791 quo
666 1704 875 1792 proserpat.
901 1693 945 1767 Si
960 1693 1177 1789 Aeschylus,
1201 1714 1318 1792 quum

240 1816 290 1892 ad
314 1816 478 1890 Dianam
502 1813 729 1904 transferret,
756 1812 857 1912 qnod
883 1813 996 1910 vulgo
1023 1814 1071 1889 de
1095 1813 1320 1912 Proserpina

111 2011 117 2023 ,
239 1933 443 2026 creditum,
472 1935 651 2029 mysteria
669 1935 885 2031 *evagaris
920 1936 999 2008 fare
1022 1956 1093 2031 pro
1119 1933 1318 2031 explorato

236 2057 368 2134 heberi
392 2064 537 2156 potest,
569 2057 611 2129 in
640 2054 701 2129 his
732 2056 837 2131 illam
862 2055 1107 2129 Theomasiae
1132 2054 1318 2127 rationem
1411 2038 1419 2049 ⁸

237 2177 417 2254 moisem
442 2198 535 2271 esse,
562 2197 637 2275 qua
660 2176 816 2251 deorum
841 2176 1080 2275 popularium
1105 2173 1319 2249 nomencla-

237 2309 325 2392 tura
349 2295 400 2375 ad
424 2298 535 2374 unius
561 2298 743 2373 naturalis
770 2296 832 2373 dei
857 2298 937 2375 vim
963 2309 1002 2372 et
1019 2307 1193 2370 naturam
1208 2316 1319 2371 revo-

237 2431 354 2495 eatur.
414 2416 532 2516 quue
556 2420 710 2493 mirifloe
737 2421 953 2494 ooniirmare
975 2416 1127 2495 sidone
1149 2414 1319 2490 Heracli·

238 2539 306 2614 des
330 2538 448 2633 Alleg.
474 2536 537 2611 vl.
562 2561 600 2635 p.
616 2536 679 2614 21.
705 2541 764 2616 ὅτι
788 2540 921 2618 τοίνυν
946 2540 967 2617 ὅ
996 2537 1110 2624 aritio
1130 2534 1318 2616 Ἀπόλλων

236 2659 329 2762 ἡλίῳ
355 2657 420 2737 καὶ
442 2657 534 2743 θεὸς
559 2658 612 2744 εἷς
636 2657 751 2737 δυσὶν
775 2656 938 2759 ὀνόμασι
960 2665 1174 2758 κοσμεῖται,
1200 2655 1320 2758 σαφὲς

235 2781 329 2882 ἡμῖν
360 2782 402 2855 ἔκ
432 2807 473 2855 το
502 2787 584 2857 τῶν
607 2787 804 2880 μυστικῶν
828 2776 972 2885 λόγων,
1005 2779 1061 2864 οἷς
1086 2779 1128 2854 αἱ
1152 2775 1318 2877 ἀπόρῥη-

234 2930 295 2977 τοι
317 2898 460 2976 τελεταὶ
475 2902 735 3005 θεολογοῦσιν.
760 2896 858 2974 Nam
881 2898 1209 2998 siHierophantae
1222 2898 1316 2972 Dia·

234 3040 323 3094 nam
347 3017 505 3093 eandem
520 3018 783 3119 Proserpinam
807 3042 889 3096 esse
914 3018 1121 3108 docuerrmt
1142 3029 1182 3091 et
1197 3018 1317 3117 Apol·

235 3139 354 3214 linem
387 3133 549 3213 eu'ndem
582 3138 728 3231 Solem,
760 3140 803 3215 id
834 3143 1006 3240 proxime
1031 3140 1208 3214 convenit
1231 3161 1317 3213 oum

237 3259 451 3335 Stoicorum
483 3262 648 3354 ratione3
674 3259 829 3335 Stoici
854 3273 1008 3337 autem
1035 3259 1198 3334 dieunt
1221 3281 1317 3333 non

236 3402 340 3454 esse
374 3380 471 3455 nisi
508 3378 648 3455 deum
674 3404 814 3458 unum
855 3394 901 3456 et
932 3404 1066 3457 unam
1098 3392 1316 3480 potesta·
1363 3395 1380 3422 ²

234 3510 345 3593 tem,
369 3522 489 3601 quae
514 3523 601 3601 pro
625 3503 811 3576 ratione
837 3504 1111 3579 officiorum
1134 3513 1315 3576 nostro·

233 3641 337 3696 rum
367 3624 523 3698 variis
554 3621 822 3699 nominibus
863 3625 1152 3724 appellatum
1191 3619 1314 3695 unde

235 3741 435 3817 eundem
466 3741 686 3819 Liberum
713 3744 910 3821 eundem
935 3743 1212 3843 Apollinem
1237 3763 1313 3840 ap·

233 3861 437 3961 pellant,
479 3864 594 3939 item
635 3863 810 3939 Lunam
844 3862 1039 3938 eandem
1071 3862 1313 3964 Proserpi·

233 4000 337 4056 nam
370 3981 534 4057 dieunt
565 3993 632 4058 ete
659 3985 766 4061 Serv.
799 3982 850 4057 od
875 3985 1007 4081 Georg.
1033 3982 1077 4057 V.
1106 3985 1140 4059 1.
1166 3985 1308 4060 Verum
