2917 4600
513 193 860 252 nunusrnrs.
1151 174 1226 249 loo

151 375 359 445 mantum
393 372 438 437 et
462 362 574 436 cirri
608 360 943 434 Germanorum
975 365 1021 427 et
1046 349 1229 427 crobuli

152 487 476 572 barbarorum,
503 503 598 579 quae
624 480 873 555 Tertullianus
892 477 954 550 Ile
973 471 1121 550 veland.
1136 473 1228 566 virg.

155 637 184 685 a
210 608 258 683 X
291 627 376 680 oum
409 600 691 675 Atheniensium
725 599 925 674 trinalibus
950 596 1160 694 componit,
1192 603 1231 665 et

156 752 252 829 quac
286 725 399 800 hodie
433 735 671 796 assumuntur
696 723 830 818 capitis
854 729 1088 805 emanente,
1120 738 1230 789 nemo

157 848 303 949 quaerit
333 842 421 944 quid
454 845 676 938 significent,
707 842 795 916 licet
826 841 937 939 pilei,
969 841 1083 937 galeri
1099 851 1148 914 et
1172 863 1232 914 ca·

156 968 300 1044 liendra
324 976 453 1040 nostra
477 985 554 1036 non
578 963 702 1036 minus
727 962 868 1057 largam
894 961 943 1035 ad
966 963 1233 1061 philosophan-

159 1089 249 1164 dum
274 1085 478 1187 praebeant
502 1085 710 1173 materiam,
736 1104 856 1180 neque
882 1105 1012 1157 ornnes
1032 1082 1234 1157 Athenien-

159 1232 218 1284 ses
250 1208 321 1281 hoc
353 1214 571 1278 ornamento
603 1205 662 1276 usi
686 1200 769 1276 'sint
799 1202 867 1276 sed
891 1204 1148 1278 tantummodo
1173 1224 1236 1278 se-

160 1333 303 1419 niores,
340 1346 434 1425 quos
466 1323 660 1397 delicatior
691 1321 847 1397 decebat
877 1324 996 1398 etdtns
1013 1319 1076 1421 [¹],
1115 1345 1236 1422 neque

161 1451 201 1524 hi
238 1449 311 1523 soli
350 1443 418 1521 sed
455 1445 570 1518 mam
606 1443 690 1535 alii,
738 1445 803 1542 qui
840 1442 1119 1518 Autocbthones
1159 1466 1236 1517 non

163 1563 345 1668 erant[‘¹¹¹].
370 1564 526 1640 Lunulis
540 1562 724 1654 eburneis,
748 1562 882 1661 quibus
895 1564 1147 1639 Romanorum
1164 1565 1238 1639 cal-
1264 1550 1268 1559 ’

163 1687 347 1759 ciamenta
385 1685 523 1760 mullea
555 1683 845 1775 exornabantur,
883 1684 1035 1783 qtridam
1065 1684 1239 1772 fortunae

164 1807 467 1908 immutantem,
499 1805 564 1879 alii
598 1805 806 1878 animamm
839 1803 967 1879 sedem
992 1806 1103 1879 lunae
1127 1805 1239 1901 globo

166 1925 439 2016 sublimiorem,
472 1924 641 2023 plerique
672 1926 917 2023 patriciorum
941 1926 1177 2002 nobilitatem
1202 1939 1241 2001 et

166 2046 318 2121 ductum
343 2069 369 2120 a
392 2044 599 2119 Proselcnis
625 2068 738 2141 genus
763 2047 959 2149 significari
985 2046 1147 2121 credunt.
1173 2048 1242 2122 Pa-

165 2169 328 2266 riterque
359 2166 479 2240 bullas
509 2168 752 2261 ingenuorum
785 2189 985 2264 puerorum
1010 2169 1153 2265 pectori
1178 2190 1244 2268 ap-

168 2311 305 2387 pensas
342 2285 459 2361 fuisse
496 2292 706 2361 memorant
747 2297 789 2359 ut
829 2285 973 2361 bullam
1005 2287 1244 2386 inspicientes

169 2411 225 2481 ita
256 2431 296 2482 se
328 2406 477 2481 demum
510 2407 681 2481 homines
708 2429 789 2481 esse
816 2409 1035 2502 cogitarent,
1067 2408 1101 2480 si
1134 2406 1244 2506 corde

171 2537 402 2627 praestarent
433 2527 596 2601 Macrob.
620 2530 649 2600 l.
678 2527 738 2602 16.
797 2526 915 2616 Quasi
944 2551 1036 2604 vero
1067 2528 1159 2601 haec
1185 2550 1246 2602 co-

171 2649 302 2743 gitatio
334 2671 409 2722 una
441 2672 524 2722 cum
549 2648 652 2723 bulla
677 2660 716 2721 et
740 2662 936 2747 praetexta
961 2671 1013 2723 ex
1038 2651 1165 2722 animo
1191 2649 1247 2723 di-

172 2767 356 2844 mittenda
387 2770 455 2858 sit,
486 2782 552 2843 aut
584 2771 692 2868 quasi
720 2792 798 2844 non
823 2768 997 2844 mulieres
1023 2792 1167 2869 quoque
1192 2770 1249 2844 lu-

246 2953 285 3027 [ἃ]
304 2957 397 3010 Athen.
414 2958 475 3012 XII.
492 2920 553 3011 55⁵}
570 2958 604 3010 Ε.
628 2955 678 3011 τὸν
694 2957 741 3013 tut
761 2961 974 3033 Θεμιστοκλέους
989 2963 1051 3026 βίον
1072 2958 1249 3026 Τηλεκλείδης

175 3028 208 3082 ir
219 3023 397 3098 ’Πρυτάνεσιν
413 3025 499 3101 ἁβρὸν
516 3024 581 3083 ὄντα
597 3027 787 3098 παραδίδωσι,
822 3027 958 3104 Κρατῖνός
973 3029 993 3082 r’
1013 3031 1045 3084 ἓν
1063 3036 1181 3100 Χείρωσι
1200 3028 1250 3092 τήν

175 3096 809 3238 aa..
1321 3165 1324 3171 -

177 3235 303 3310 λαμπρός
318 3269 353 3279 -
370 3231 478 3325 οἷόςπες
492 3210 641 3312 ttamen,
660 3241 707 3293 καὶ
723 3190 1057 3315 trassamundum
1087 3192 1101 3241 q
1132 3187 1205 3242 (W

249 3304 307 3377 [ὖᾶ]
327 3309 408 3393 Regia
438 3310 500 3362 Nrsi
530 3324 635 3363 aurea
659 3317 803 3364 comtum
826 3312 939 3365 fibula
960 3312 1126 3365 nectebat
1149 3310 1252 3365 dente

179 3377 326 3431 cicadae
349 3380 443 3449 Vrrgil.
468 3380 523 3433 stt.
544 3397 570 3433 v.
589 3379 648 3431 127.
671 3381 712 3434 De
736 3382 832 3434 Samiis
855 3383 934 3435 Asius
951 3383 1044 3435 Atben.
1062 3382 1123 3436 ΧΠ.
1142 3381 1203 3434 525.
1220 3382 1252 3434 F.

175 3449 271 3536 ζαΐται
288 3447 312 3502 ο·
330 3446 455 3521 impeiri
475 3449 582 3536 ἀνέμῳ,
603 3446 731 3526 χρύσειαι
755 3452 787 3507 δὲ
805 3447 941 3526 κόρυμβαι
956 3451 998 3507 ἐπ’
1018 3453 1121 3509 αὐτέων
1138 3456 1254 3522 τέττιγες

180 3538 218 3579 ως
233 3536 259 3570 v.
276 3520 363 3573 Naek.
380 3518 415 3572 de
432 3520 546 3573 Choenl.
568 3537 594 3591 p.
612 3520 655 3576 74.
687 3522 831 3585 Quaeritur
855 3525 912 3592 quis
930 3524 1027 3593 primus
1045 3523 1148 3577 eicadu
1165 3539 1252 3593 γηγε-

179 3594 236 3648 νεῖς
259 3605 317 3642 ease
341 3591 436 3643 dixerit
460 3592 555 3644 Anacr.
579 3589 677 3643 XLIII.
697 3591 739 3644 15.
757 3609 808 3662 que
825 3593 924 3647 demum
943 3594 1043 3647 credito
1060 3592 1203 3662 symbolum
1220 3591 1253 3643 il·

182 3657 227 3711 lud
244 3662 377 3714 terrestris
395 3667 469 3713 ortus
486 3661 578 3714 ucisci
596 3661 690 3731 potuit,
707 3663 810 3716 minime
827 3682 844 3717 a
861 3664 953 3736 priscis
971 3665 1091 3728 Graecis,
1108 3663 1152 3732 qui
1169 3662 1254 3715 onnia
1319 3723 1323 3730 ι

180 3729 305 3783 animalia
328 3748 467 3801 omnaque
489 3731 604 3784 bornInes
629 3748 645 3784 e
666 3739 738 3788 terra
763 3740 839 3786 nates
864 3737 1007 3806 putabant3
1024 3741 1151 3805 perpetua
1168 3739 1254 3785 antem

179 3800 297 3867 ejusdem
314 3808 401 3854 terrae
418 3803 561 3873 possesne,
579 3819 630 3872 qua
646 3804 818 3857 Athenienses
834 3805 1029 3875 gloriabantur,
1046 3804 1097 3856 isto
1115 3803 1191 3870 signo
1208 3820 1255 3856 uo-

180 3871 234 3922 tari
250 3877 431 3941 conpeteret
466 3872 541 3942 Apud
559 3873 704 3942 Aegyptios
722 3876 826 3928 cicadas
844 3877 988 3944 symbolum
1005 3872 1157 3927 initiationis
1174 3874 1255 3926 luisse

181 3940 328 4010 Hcrapullo
353 3943 451 4007 refert,
469 3942 538 3995 made
553 3942 710 4013 anuisins‚
733 3945 809 4014 quasi
826 3946 937 3999 nondum
954 3947 1019 3998 eatis
1036 3945 1072 3997 sit
1088 3943 1255 4014 ineptiarum,

183 4011 349 4064 mulieres
365 4012 507 4066 Atticas
525 4015 593 4066 huuc
610 4031 683 4067 usun
699 4016 833 4085 accepisse
851 4014 1117 4072 mossetena
1136 4014 1161 4067 8.
