2917 4600
484 230 830 287 nnsus1u1s.
1041 250 1046 258 ·
1109 210 1193 292 ,171

123 396 320 474 condirent
336 392 599 468 mndimcntot
625 391 765 465 Verum
786 387 881 463 illud
895 390 1072 488 palmare,
1097 387 1200 486 quod

124 522 242 594 etiam
282 516 487 590 aleatorum
525 513 782 588 instrumentis
813 521 958 585 tantum
990 508 1199 583 habuerunt

123 641 326 726 honorem,
357 647 400 708 ut
431 634 581 711 alveum
607 631 739 707 mtmdi
762 633 961 727 imaginem
985 653 1201 728 repraesen-

124 772 208 832 tare
234 757 410 845 dicerent,
435 754 652 829 tuniculam
677 753 911 840 firmamenti,
936 762 980 824 ut
1003 749 1199 825 duodecim

124 890 236 977 septa
274 877 559 975 aequipararent
595 874 710 969 signis
755 871 994 963 coelestibus,
1028 872 1201 970 xplanetis

124 1000 299 1074 fritillum
324 1009 363 1070 et
388 1005 534 1095 septem
560 994 729 1069 calculos
755 1016 791 1068 v.
820 991 923 1068 Suid.
946 1014 975 1066 s.
1005 991 1137 1092 Τάβλα
1162 1002 1201 1065 et
1331 1069 1336 1080 1

124 1121 258 1193 Knest
316 1115 427 1206 Quod
452 1118 486 1189 si
511 1115 749 1210 intelligimus
775 1116 872 1188 circa
893 1135 954 1187 res
978 1113 1081 1189 leves
1105 1110 1204 1186 ludi-

125 1262 283 1338 crasquc
307 1250 384 1311 tam
409 1239 544 1311 misere
570 1233 746 1308 sudatum
772 1257 863 1325 esse,
887 1245 1066 1332 quantum
1092 1230 1202 1309 mim
1306 1258 1309 1265 ’

125 1361 207 1451 his,
232 1382 327 1456 quae
351 1358 504 1431 honoris
529 1355 686 1429 deorum
711 1355 978 1429 immortalium
1003 1377 1115 1429 causa
1138 1358 1205 1429 fis·

125 1492 225 1570 rent,
250 1477 480 1578 impendisse
503 1475 742 1550 assumendi
766 1488 865 1566 sunt,
890 1499 938 1549 ne
958 1474 1047 1574 quid
1061 1486 1204 1549 temere
1359 1456 1365 1471 ³

128 1596 364 1690 instituimur,
403 1621 453 1674 ue
491 1596 581 1697 quid
613 1619 748 1696 partun
782 1595 959 1670 decorum
990 1595 1206 1673 videreturl

129 1721 284 1795 Etenim
321 1723 363 1793 in
403 1739 599 1792 commune
640 1720 768 1816 opinio
797 1716 970 1804 valebat,
1003 1716 1205 1814 quaeat>

131 1838 402 1914 hominibus
442 1841 740 1936 maximeque
776 1836 824 1909 in
864 1859 913 1909 re
951 1839 1207 1913 sacrafic-

132 1972 256 2051 rent,
301 1981 408 2034 suas
449 1958 622 2032 dehere
661 1978 822 2031 causas
855 1956 1030 2031 habere
1063 1957 1204 2034 Arnon.

133 2080 215 2153 vu.
250 2076 312 2153 25.
351 2076 451 2152 unde
491 2079 629 2154 factum
663 2090 707 2151 ut
737 2078 805 2151 illa
837 2078 1058 2173 aetiologiae
1092 2081 1207 2171 labes,

133 2208 253 2275 totam
280 2199 537 2298 antiquitatem
561 2210 786 2300 pervagata,
810 2201 851 2271 in
875 2198 946 2271 hoc
970 2222 1103 2294 genere
1127 2224 1208 2296 gra-

133 2325 290 2397 viseum
314 2333 479 2416 grassata
502 2325 562 2395 sit.
588 2319 663 2394 Sed
687 2320 729 2392 id
754 2341 900 2416 quoquc
921 2320 1062 2418 aliquot
1082 2343 1209 2395 exem-

134 2443 209 2540 plis
242 2440 449 2514 illustrabo.
507 2438 729 2537 Quanquam
761 2439 972 2513 hominibus
1005 2442 1097 2514 nihil
1130 2442 1209 2516 sere

134 2563 289 2635 luminis
316 2561 493 2661 adspectu
519 2559 771 2638 delectabilius
791 2583 873 2634 esse
895 2564 1002 2652 solet,
1028 2565 1210 2638 omnium

136 2705 208 2779 que
234 2683 399 2778 gentium
425 2681 629 2782 λυχναψίαι
654 2691 692 2753 et
709 2682 1038 2784 λαμπαδοιλρομίαι
1054 2707 1212 2759 noscun-

137 2813 211 2890 tur,
237 2814 364 2874 tamen
388 2803 527 2899 reperti
552 2812 650 2892 sunt,
676 2803 742 2899 qui
764 2802 858 2875 haec
881 2801 1024 2877 ludicra
1049 2803 1098 2876 ad
1116 2806 1212 2902 phy-

136 2922 337 3016 siologiam
379 2921 622 2996 traducerent
666 2919 925 3013 *cleomedem
969 2934 1013 2997 ut
1046 2927 1212 3002 notiores

137 3054 390 3141 praeteream,
428 3044 570 3140 ᾔδεσαν
574 3099 588 3133 ,
630 3044 768 3141 inquit,
809 3044 873 3120 καὶ
903 3046 940 3121 οἱ
971 3046 1213 3128 παλαιότατοι

138 3173 220 3241 τῶν
246 3173 419 3264 φυσικῶν
444 3164 503 3240 ὅτι
529 3162 603 3239 ἀπὸ
629 3172 698 3240 τοῦ
723 3163 829 3260 ἡλίου
854 3164 878 3260 ἡ
905 3165 1035 3263 σελήνη
1061 3170 1104 3246 τὸ
1132 3181 1213 3272 φῶς

142 3285 239 3380 ἔχει,
267 3282 320 3368 ὥς
345 3280 461 3379 δῆλόν
486 3286 588 3359 ἐστιν
613 3287 653 3359 ἐκ
676 3286 748 3380 τῆς1
767 3286 1008 3390 ἐτυμολογίας
1031 3299 1101 3366 τοῦ
1127 3291 1215 3369 ὀνό-

139 3431 261 3501 ματος
287 3445 338 3458 -·
362 3403 426 3479 καὶ
458 3406 498 3479 ἐκ
530 3411 600 3480 τοῦ
630 3404 883 3481 ἐπιδίὸοσθαι
902 3406 1023 3506 δᾷδας
1053 3418 1133 3496 τοῖς
1164 3418 1215 3498 cle

141 3523 192 3598 τὰ
219 3522 429 3622 {docendam
463 3530 614 3608 alcredus
646 3523 802 3599 Meteor.
834 3525 876 3598 Ic
909 3526 954 3599 ll
983 3525 1016 3601 5.
1048 3528 1130 3604 135.
1157 3529 1214 3604 ed.

141 3640 236 3715 Bals
267 3641 369 3715 Istuc
400 3653 458 3717 est
489 3647 637 3743 sapere!
667 3644 729 3717 Ile
760 3644 987 3721 solemnibus
1013 3648 1217 3744 Apaunio-

14 3817 18 3822 ,
142 3783 246 3852 rum,
279 3761 412 3858 quibus
443 3786 643 3863 puerorum
675 3769 829 3840 nomina
862 3769 902 3839 in
928 3768 1073 3843 tabulas
1099 3773 1216 3846 cruia-

144 3881 239 3954 lium
278 3882 409 3956 relerri
442 3895 481 3956 et
509 3884 687 3984 rhapsodi
719 3886 769 3959 ad
801 3885 1083 3961 concertandum
1117 3913 1216 3965 com-

144 4002 248 4075 mitti
272 4000 452 4092 solebant,
477 4005 530 4077 sic
554 4017 745 4099 argutatum
768 4008 945 4081 Proculus
968 4009 1009 4080 in
1023 4003 1120 4079 Tim.
1132 4006 1175 4081 L.
1187 4011 1217 4085 Ι.
